2385 3891
249 1308 401 1339 William

248 1351 403 1383 Postard.

255 1864 301 1897 †4
321 1863 402 1903 May

256 1908 338 1938 1201
357 1907 411 1946 [·?].

252 1950 379 1981 Buried
396 1950 432 1980 in

253 1994 355 2025 south
368 1993 514 2024 eloister.

255 2253 322 2284 His
338 2253 495 2284 anniver-

255 2307 342 2336 sary.

256 2376 468 2459 ‘Clgomesday
481 2420 487 2433 ³

256 2463 279 2494 f.
298 2463 372 2494 604.

526 416 588 461 98
829 409 1010 458 Flete’s
1046 407 1271 470 Historgs
1307 406 1372 470 of
1407 405 1757 454 Westminster

527 538 738 578 dictorum
762 542 1018 582 sanctorum,
1041 533 1154 588 prior
1176 538 1220 573 et
1242 538 1478 572 conventus
1500 530 1692 585 ejusdem
1716 530 1795 571 1001
1819 529 1998 570 Placebo
2021 534 2065 570 et

528 607 677 662 Dirige
699 621 796 646 cum
819 604 865 644 iii
888 602 1156 651 lectionibus,
1179 607 1228 642 ut
1250 601 1295 641 in
1316 601 1411 642 aliis
1433 599 1734 641 anniversariis
1757 598 2066 655 principalibus

526 676 619 717 fieri
655 675 773 723 solet,
807 688 903 714 cum
941 686 1245 727 campanarum
1276 669 1518 726 pulsatione
1551 668 1729 709 solemni
1761 668 2066 716 decantabunt,

528 744 695 785 duobus
720 742 851 783 cereis
880 741 934 781 ad
964 740 1161 781 tumbam
1189 739 1325 795 ipsius
1354 738 1556 780 continue
1588 737 1839 778 ardentibus
1869 752 1894 778 a
1921 737 2067 792 vigilia

528 813 747 871 praedicta
783 827 917 867 usque
955 811 1007 851 ad
1041 810 1169 851 finem
1209 810 1362 851 missae
1396 809 1448 850 de
1481 808 1691 863 Requiem
1723 807 1933 848 crastinae
1970 806 2067 855 diei,

529 898 658 939 quam
680 880 930 923 decantabit
952 879 1067 936 prior
1088 880 1155 920 vel
1177 879 1286 921 alius
1318 885 1461 920 custos
1487 878 1647 919 ordinis
1678 878 1767 918 loco
1795 875 1953 932 ipsius:
1985 890 2068 930 quo

529 953 598 994 die
630 950 989 998 eleemosinarius,
1010 949 1084 1005 qui
1116 964 1192 1005 pro
1218 955 1411 1005 tempore
1442 948 1583 997 fuerit,
1605 947 1839 988 distribuet
1869 944 2067 1001 pauperi-

529 1022 610 1063 bus
631 1021 716 1062 duo
737 1018 955 1076 quarteria
978 1018 1183 1059 frumenti
1207 1018 1251 1059 in
1273 1017 1457 1074 panibus
1488 1016 1661 1058 furnitis
1683 1014 1919 1056 secundum
1942 1028 2067 1054 usum

530 1092 609 1133 loci
631 1089 851 1147 praedicti,
873 1089 1033 1144 absque
1063 1088 1244 1129 aliarum
1274 1103 1416 1129 rerum
1447 1085 1753 1127 distributione
1786 1090 1830 1124 et
1852 1080 2068 1124 eleemosi-

531 1176 683 1202 narum
725 1158 964 1215 largitione,
1001 1163 1051 1198 ut
1091 1162 1214 1213 patet
1256 1156 1300 1197 in
1342 1160 1538 1211 compoto
1575 1151 1886 1195 eleemosinarii
1930 1151 2068 1191 West-

533 1228 789 1271 monasterii.

619 1299 683 1340 De
707 1298 923 1339 Willelmo
946 1296 1124 1337 Postard
1145 1295 1313 1336 abbate.

621 1367 862 1408 Willelmus
900 1365 1090 1415 Postard>
1122 1364 1237 1420 prior
1270 1361 1655 1411 Westmonasterii,
1689 1360 1878 1401 Waltero
1915 1358 2071 1399 abbate

531 1438 734 1479 defuncto
756 1437 917 1477 electus
947 1441 1011 1476 est
1033 1435 1077 1475 in
1099 1434 1298 1475 abbatem
1319 1432 1511 1488 ejusdem
1534 1431 1613 1472 1001
1635 1446 1746 1471 anno
1769 1429 1929 1471 eodem.
1990 1427 2071 1469 iste

535 1507 776 1548 Willelmus
817 1504 1088 1561 praesidebat
1130 1503 1230 1544 huic
1271 1502 1473 1544 ecclesiae
1509 1501 1632 1542 annis
1668 1500 1815 1541 decem
1853 1497 2071 1539 mensibus

533 1577 734 1632 quinque.
797 1575 865 1616 1110
888 1575 1020 1616 etiam
1046 1573 1294 1615 exoneravit
1324 1572 1543 1614 ecclesiam
1569 1568 1941 1612 Westmonasterii
1963 1567 2073 1607 infra

536 1646 592 1687 vii
629 1660 762 1686 annos
795 1644 847 1685 de
885 1643 1001 1684 mille
1038 1649 1082 1684 et
1116 1641 1367 1697 quingentis
1405 1640 1557 1681 marcis
1590 1638 1772 1695 argenti,
1802 1638 1854 1678 de
1891 1651 2071 1692 quorum

534 1715 745 1757 solutione
767 1719 868 1754 ante
891 1728 1012 1754 suam
1034 1711 1401 1753 confirmationem
1425 1711 1614 1766 obligata
1636 1709 1729 1750 fuit.
1784 1708 1919 1748 multa
1941 1706 2072 1748 etiam

533 1786 617 1827 alia
638 1786 750 1826 bona
771 1784 871 1825 111110
894 1783 1151 1824 monasterio
1174 1782 1369 1824 contulit.
1412 1781 1520 1822 obiit
1542 1786 1689 1821 autem
1711 1783 1863 1834 quarto
1881 1777 1950 1818 die
1968 1776 2071 1816 Maii

535 1870 646 1896 anno
683 1853 845 1895 domini
888 1852 1023 1902 mcci0,
1060 1858 1103 1893 et
1146 1852 1267 1908 regni
1309 1851 1421 1908 regis
1462 1850 1673 1893 Johannis
1714 1863 1825 1890 anno
1866 1846 2073 1896 secundo3

534 1925 814 1980 sepultusque
837 1928 902 1964 est
924 1922 969 1963 in
990 1921 1169 1963 australi
1186 1927 1308 1978 parte
1326 1920 1501 1962 claustri
1522 1926 1623 1961 ante
1646 1919 1902 1975 cymbalum.
1953 1917 2076 1972 cujus

536 1995 621 2036 tale
644 2000 709 2035 est
732 1992 1028 2049 epitaphium:

770 2080 947 2121 Postard
980 2079 1223 2121 Willelmus
1248 2080 1367 2135 jacet
1398 2078 1442 2119 in
1474 2078 1628 2119 tellure
1660 2076 1856 2132 sepultus

828 2150 897 2191 1110
928 2155 1051 2205 pater
1082 2156 1126 2191 et
1158 2155 1314 2205 pastor,
1346 2148 1420 2204 qui
1453 2147 1536 2189 fuit
1567 2152 1669 2187 ante
1700 2145 1826 2202 prior.

625 2237 690 2277 De
722 2236 844 2291 cujus
873 2235 1161 2277 anniversario
1187 2235 1402 2291 reperitur
1427 2234 1471 2275 in
1502 2234 1651 2274 charta
1683 2232 1875 2288 ejusdem
1907 2230 2077 2272 abbatis
2120 2253 2134 2283 ς

538 2305 617 2347 sub
640 2305 718 2345 hac
739 2305 883 2353 forma,
908 2303 1128 2345 videlicet:

627 2374 868 2415 VVillelmus
890 2374 959 2414 dei
980 2373 1122 2429 gratia
1142 2374 1274 2414 abbas
1293 2372 1662 2415 Westmonasterii
1685 2371 1884 2413 omnibus
1905 2376 2077 2412 sanctae

540 2443 689 2485 matris
736 2443 937 2484 ecclesiae
979 2443 1090 2492 filiis,
1131 2443 1182 2484 ad
1230 2458 1335 2498 quos
1382 2457 1583 2498 praesens
1628 2442 1776 2483 charta
1823 2440 2078 2497 pervenerit,

539 2519 758 2554 aeternam
794 2512 837 2552 in
871 2512 1044 2554 domino
1076 2513 1272 2554 salutem.
1348 2511 1516 2553 noverit
1547 2510 1805 2552 universitas
1839 2515 1980 2551 vestra
2013 2524 2078 2550 me

540 2581 711 2622 divinae
734 2580 911 2636 pietatis
933 2581 1095 2623 intuitu
1128 2581 1383 2623 concessisse
1416 2588 1459 2622 et
1486 2596 1560 2636 pro
1589 2581 1727 2621 salute
1758 2595 1853 2621 mea
1879 2585 1923 2620 et
1945 2579 2080 2635 patris

541 2658 584 2693 et
621 2650 771 2692 matris
808 2656 852 2692 et
887 2657 1205 2692 antecessorum
1242 2665 1434 2692 meorum
1468 2650 1636 2691 dedisse
1674 2655 1718 2691 et
1754 2650 1832 2690 hac
1863 2649 2078 2705 praesenti

541 2722 689 2762 charta
730 2736 825 2761 mea
866 2721 1136 2762 confirmasse
1173 2721 1342 2762 dilectis
1379 2720 1422 2760 in
1460 2719 1634 2762 Christo
1671 2719 1873 2760 fratribus
1906 2725 1950 2760 et
1981 2718 2078 2759 filiis

542 2790 709 2839 nostris,
731 2790 961 2831 conventui
986 2790 1185 2832 videlicet
1208 2789 1669 2838 VVestmonasteriensi,
1693 2789 1847 2845 viginti
1877 2795 1920 2830 et
1950 2804 2079 2830 unam

543 2875 704 2900 marcas
737 2860 906 2915 argenti
941 2860 994 2900 ad
1031 2860 1310 2900 infirmariam
1347 2875 1493 2900 eorum
1526 2859 1866 2908 sustentandam,
1898 2857 2080 2913 singulis

2095 1166 2131 1186 10

2095 1864 2134 1884 20

2100 2598 2139 2627 30

542 2928 665 2969 annis
706 2928 1002 2983 percipiendas
1043 2934 1087 2969 et
1129 2928 1173 2969 in
1214 2935 1473 2984 perpetuum
1511 2927 1786 2983 possidendas
1822 2927 1875 2967 de
1911 2926 2079 2967 residuo
2100 2943 2138 2973 35

543 2996 815 3038 ecclesiarum
839 2996 891 3037 de
915 2996 1085 3037 Okham
1108 3002 1152 3038 et
1173 2997 1225 3038 de
1250 2997 1530 3045 Hameldone,
1553 3011 1628 3051 per
1654 3011 1828 3036 manum
1858 2994 2077 3035 infirmarii

543 3066 617 3122 qui
640 3081 715 3121 pro
742 3072 934 3121 tempore
964 3066 1117 3116 fuerit3
1149 3066 1212 3107 ita
1239 3073 1288 3107 ut
1314 3066 1357 3107 in
1388 3081 1489 3107 usus
1521 3072 1564 3106 et
1594 3065 1871 3106 necessitates
1900 3065 2079 3105 fratrum

544 3135 810 3176 infirmorum
853 3141 981 3191 prout
1022 3135 1261 3191 expedierit
1302 3136 1489 3177 fideliter
1529 3135 1839 3191 expendantur,
1881 3140 1924 3175 et
1965 3134 2079 3175 idem

677 3254 717 3285 15
741 3252 872 3295 decem]
888 3252 922 3285 ix
940 3253 998 3295 Sp.
1018 3253 1113 3296 (with
1131 3253 1229 3285 other
1245 3254 1419 3295 changes).
1700 3254 1742 3285 36
1766 3252 1898 3285 Ocham
1915 3252 1948 3284 d.
