2385 3891
147 822 293 853 Richard

146 865 303 904 Berking.

146 1042 281 1074 Blessed
298 1042 340 1082 by
354 1041 397 1081 bp

145 1087 181 1117 of
189 1085 409 1120 Winchester,

147 1131 186 1160 18
204 1129 279 1167 Sep.
302 1129 394 1159 1222.

146 1172 196 1203 Cf.
216 1173 330 1202 Flores

145 1216 236 1247 Hist.
255 1224 281 1245 11
300 1215 371 1251 176,

146 1258 213 1290 and
230 1260 303 1289 314.

144 1804 326 1835 Treasurer
343 1804 379 1834 of

144 1847 314 1887 England.

147 2357 198 2388 He
216 2357 382 2398 improves

147 2400 205 2431 the
221 2404 357 2432 estates.

147 2444 198 2474 Cf.
218 2450 224 2462 ⁸
240 2443 411 2475 Domesd.’

148 2487 169 2519 f.
191 2489 291 2518 2941».

682 423 914 473 Willz‘am
948 424 1168 482 Hmnez,
1207 422 1449 473 Riclzard
1480 419 1716 485 Berkinq
1866 421 1960 470 103

429 550 627 598 Summe,
648 549 700 589 ad
724 549 996 589 refectionem
1026 554 1261 589 conventus
1289 547 1423 589 nostri
1454 546 1672 602 praedicto
1701 546 1808 586 festo
1830 545 1961 600 assig-

428 633 590 659 namus.
652 624 695 658 et
724 625 772 658 ut
801 617 1044 674 praedictae
1076 616 1389 672 assignationes
1416 622 1460 657 et
1481 614 1770 656 concessiones
1793 619 1962 654 nostrae

428 686 645 727 firmitatis
667 686 794 727 robur
815 686 1051 734 obtineant,
1068 686 1181 741 ipsas
1198 685 1327 741 sigilli
1351 685 1483 726 nostri
1502 684 1739 725 munimine
1762 683 1964 724 duximus

428 755 694 796 roborandas.

515 824 580 864 De
614 824 794 865 Ricardo
828 824 1030 879 Berkyng
1061 823 1227 864 abbate.

517 892 723 933 Ricardus
745 893 796 933 de
821 892 1035 947 Bcrkyng,
1057 898 1224 932 mortuo
1250 890 1463 931 Willelmo
1479 889 1735 945 supradicto,
1751 888 1804 929 (le
1826 887 1964 943 priore

431 961 801 1002 XVestmonasterii
834 961 995 1001 electus
1028 968 1092 1001 est
1125 960 1169 1000 in
1201 960 1402 1001 abbatem
1435 958 1627 1014 ejusdem
1661 957 1767 1007 loci3
1803 964 1846 998 et
1877 957 1966 997 xvi0

428 1030 631 1071 kalendas
673 1029 871 1071 Octobris
915 1045 941 1069 a
991 1028 1162 1069 domino
1216 1028 1341 1069 Petro
1382 1027 1434 1068 de
1477 1027 1675 1082 Rupibus
1720 1026 1965 1067 Wintoniae

428 1099 624 1155 episcopo
675 1099 718 1139 in
769 1098 945 1139 ecclesia
990 1097 1358 1138 westmonasterii
1409 1097 1573 1152 primus
1621 1095 1965 1137 benedictionem

428 1169 602 1224 accepit.
665 1169 744 1210 iste
776 1168 872 1224 piae
909 1167 1215 1208 recordationis
1246 1172 1370 1222 pater
1400 1173 1444 1207 et
1478 1166 1541 1206 vir
1571 1165 1770 1222 prudens,
1797 1180 1965 1220 compe-

429 1245 572 1280 tenter
621 1238 840 1279 litteratus
892 1243 935 1278 et
987 1236 1168 1277 maturis
1220 1235 1410 1276 moribus
1461 1235 1712 1285 decoratus3
1763 1235 1836 1290 qui
1889 1249 1966 1275 sua

427 1308 686 1349 strenuitate
724 1307 917 1348 redditus
948 1307 1101 1347 domus
1133 1320 1234 1347 suae
1266 1305 1320 1346 ad
1352 1305 1664 1346 incrementum
1699 1304 1868 1345 circiter
1898 1318 1967 1344 ccc

428 1393 665 1419 marcarum
697 1392 937 1418 annuarum
969 1375 1205 1432 prudenter
1235 1374 1471 1431 ampliavit,
1497 1380 1542 1415 et
1575 1374 1808 1415 multarum
1841 1373 1966 1414 liber-

429 1453 569 1488 tatum
607 1445 888 1487 munimentis
925 1443 1166 1494 roboravit;
1206 1443 1315 1484 nulli
1347 1450 1492 1484 tamen
1526 1442 1761 1484 vicinorum
1794 1458 1966 1484 suorum

429 1516 633 1557 molestus
656 1515 739 1556 fuit
760 1521 837 1556 aut
860 1528 1071 1555 onerosus.
1134 1513 1238 1554 haec
1260 1512 1304 1553 in
1327 1512 1472 1553 Florcs
1495 1511 1797 1553 Historiarum.

515 1585 785 1639 Tantamque
816 1583 922 1624 deus
954 1582 992 1623 ei
1024 1581 1209 1623 contulit
1245 1580 1442 1636 gratiam,
1475 1586 1523 1621 ut
1560 1580 1651 1636 regi
1684 1580 1871 1621 Henrico
1903 1580 1968 1620 iii0

429 1653 679 1709 cunctisque
702 1652 822 1708 regni
848 1651 1093 1708 proceribus
1121 1666 1197 1707 per
1224 1650 1367 1691 omnia
1394 1649 1699 1704 complaceret:
1732 1649 1794 1690 ita
1822 1656 1967 1690 tamen

429 1724 542 1779 quod
565 1723 757 1779 ejusdem
780 1722 890 1778 regis
912 1721 1178 1762 consiliarius
1200 1721 1340 1761 fuerat
1361 1719 1557 1775 specialis
1578 1734 1626 1760 ac
1648 1719 1749 1760 baro
1772 1719 1967 1760 scaccarii

430 1792 689 1849 principalis,
711 1792 864 1833 deinde
888 1791 1070 1847 Angliae
1094 1789 1409 1839 thesaurarius;
1439 1804 1523 1844 quo
1545 1789 1589 1829 in
1612 1794 1803 1844 tempore
1825 1789 1968 1845 acqui-

430 1862 531 1903 sivit
560 1877 759 1918 magnam
789 1861 978 1902 chartam
1009 1860 1061 1902 de
1091 1860 1365 1901 libertatibus
1390 1874 1415 1900 a
1443 1873 1541 1914 rege
1567 1858 1809 1914 praedicto3
1839 1859 1967 1900 aliam

429 1948 597 1988 quoque
626 1932 678 1973 de
703 1932 861 1973 finibus
889 1931 1110 1971 hominum
1140 1944 1337 1979 suorum3
1373 1929 1565 1970 chartam
1593 1944 1761 1984 quoque
1790 1929 1842 1970 de
1874 1935 1968 1970 octo

429 2003 566 2043 damis
580 2001 864 2058 percipiendis
881 2001 932 2042 ad
949 2001 1106 2042 festum
1122 2000 1259 2041 sancti
1276 1999 1392 2041 Petri
1407 1999 1520 2054 quod
1535 1999 1771 2040 diciturAd
1788 1999 1967 2049 vincula,

429 2072 675 2128 sumptibus
700 2072 804 2113 dicti
837 2071 949 2127 regis
978 2070 1196 2126 capiendis
1227 2077 1271 2111 et
1305 2069 1545 2111 deferendis
1573 2068 1688 2124 apud
1727 2069 1967 2110 westmon-

429 2142 633 2183 asterium
657 2141 893 2183 festivitate
911 2141 1140 2196 praedicta.
1185 2139 1435 2195 impetravit
1450 2139 1580 2180 etiam
1604 2154 1629 2179 a
1649 2153 1761 2194 papa
1779 2139 1969 2180 Honorio

428 2212 659 2252 solemnem
696 2210 1039 2252 benedictionem
1077 2225 1205 2266 super
1234 2210 1455 2265 populum,
1486 2224 1534 2250 ac
1565 2208 1697 2250 etiam
1733 2209 1788 2249 ab
1819 2209 1967 2250 eodem
1990 2232 2005 2252 2

429 2296 539 2336 papa
560 2280 876 2336 indulgentiam
898 2280 950 2321 de
968 2280 1106 2336 prima
1128 2286 1304 2321 tonsura
1325 2279 1413 2320 suis
1434 2278 1596 2320 clericis
1617 2277 1881 2319 conferenda.

516 2350 637 2391 Idem
674 2350 925 2406 impetravit
958 2350 1149 2390 chartam
1185 2350 1239 2390 ab
1276 2349 1425 2390 eodem
1456 2352 1526 2401 (30.
1560 2347 1668 2404 regi)
1700 2347 1753 2388 de
1784 2347 1968 2402 quodam

429 2426 601 2468 assarto,
637 2420 750 2476 quod
791 2420 984 2461 continet
1024 2420 1251 2475 plusquam
1290 2434 1419 2460 unam
1461 2423 1703 2459 carucatam
1745 2422 1883 2458 terrae
1925 2417 1968 2457 in

432 2490 619 2530 manerio
640 2505 716 2530 suo
737 2490 789 2530 de
812 2489 1012 2544 Istelepe‚
1033 2496 1155 2530 extra
1179 2489 1352 2529 boscum
1376 2503 1503 2529 suum
1525 2487 1599 2543 qui
1624 2493 1798 2529 vocatur
1819 2487 1970 2529 Cauda

432 2558 605 2606 Aliciae,
644 2558 687 2599 in
729 2558 937 2599 comitatu
971 2558 1173 2599 Oxoniae.
1236 2558 1350 2599 idem
1391 2556 1620 2612 acquisivit
1661 2556 1882 2598 ecclesiam
1915 2556 1967 2596 de

432 2628 595 2668 Ocham
637 2627 882 2683 sumptibus
917 2627 1004 2668 suis
1046 2633 1090 2668 et
1131 2643 1227 2668 cum
1270 2627 1459 2668 manerio
1494 2626 1547 2668 de
1584 2626 1752 2681 Thorpe
1788 2625 1833 2666 in
1866 2640 1968 2666 usus

431 2695 621 2750 proprios
657 2696 856 2737 ecclesiae
895 2696 1388 2746 Westmonaste1·iensis;
1429 2702 1473 2737 et
1504 2710 1633 2750 super
1668 2695 1746 2735 hoc
1777 2694 1968 2735 obtinuit

432 2761 623 2802 chartam
645 2761 806 2802 domini
831 2761 1029 2817 Hugonis
1057 2762 1243 2817 episcopi
1266 2768 1310 2804 et
1331 2762 1510 2817 capituli
1533 2761 1790 2802 Lincolniae.
1854 2761 1964 2802 idem

432 2830 659 2885 acquisivit
684 2830 929 2885 sumptibus
950 2831 1037 2871 suis
1066 2837 1110 2871 et
1138 2831 1384 2886 sumptibus
1412 2837 1647 2871 conventus
1672 2829 1892 2871 ecclesiam
1915 2829 1967 2870 de

1990 1180 2027 1200 10

1988 1881 2029 1903 20

1989 2577 2029 2607 30

433 2900 588 2940 Aswell
626 2899 669 2940 in
712 2915 813 2941 usus
853 2900 1043 2955 proprios
1080 2900 1399 2941 sententialiter
1434 2899 1724 2956 adjudicatam
1766 2899 1967 2941 ecclesiae
1988 2920 2026 2950 35

434 2969 894 3018 westmonasteriensi,
925 2985 1001 3025 per
1031 2970 1254 3011 dominum
1288 2971 1525 3012 Robertum
1552 2970 1820 3012 Grosseteste
1857 2969 1966 3025 epis-

498 3105 537 3134 11
570 3103 730 3144 maturis]
760 3104 838 3144 Sp.;
872 3105 1007 3136 naturis
1036 3105 1098 3142 W;
1134 3105 1255 3136 multis
1282 3106 1333 3136 Fl.
1555 3107 1594 3136 13
1630 3104 1819 3136 multorum
1844 3104 1886 3134 W
1909 3104 1966 3144 Sp.

433 3157 472 3187 24
498 3155 667 3195 Honorio]
679 3163 703 3188 ψ
715 3156 818 3186 tercio
837 3157 892 3195 Sp.
983 3158 1036 3193 27,
1054 3158 1095 3187 30
1113 3157 1222 3196 Idem]
1241 3157 1327 3188 Item
1347 3157 1405 3196 Sp.
1426 3157 1468 3194 (et
1485 3158 1532 3187 sie
1552 3157 1669 3197 infra).
1760 3158 1801 3187 28
1819 3157 1966 3195 assarto]

433 3208 476 3245 d;
501 3208 622 3238 effarto
640 3207 690 3238 vel
708 3213 838 3239 essarto
857 3209 897 3239 W
914 3221 922 3246 ;
946 3212 1076 3240 essarto
1096 3210 1152 3249 Sp.
1316 3210 1357 3240 30
1382 3209 1525 3248 Aliciae]
1544 3209 1602 3248 Sp.
1619 3219 1625 3244 ;
1652 3208 1735 3238 Alio)
1755 3209 1816 3244 W;
1843 3208 1916 3238 Aliz
1934 3207 1966 3238 d.

433 3261 471 3290 31
497 3259 545 3298 et]
560 3260 608 3289 sie
627 3258 666 3289 W
686 3258 744 3298 Sp.
876 3262 916 3290 33
940 3260 1105 3300 episcopi]
1123 3260 1262 3291 secundi
1282 3260 1337 3300 Sp.
1475 3261 1515 3289 35
1540 3259 1705 3290 Aschwell
1724 3259 1782 3298 Sp.
