2385 3891
380 422 440 466 10
785 418 968 466 Flete's
1003 416 1226 478 History
1263 416 1330 478 of
1365 415 1713 465 Weslminster

378 552 476 575 nunc
505 541 594 575 foris
623 553 708 575 cum
739 541 979 575 concentibus
1008 538 1182 584 angelicis
1212 538 1334 572 locum
1360 539 1519 573 eundem
1548 540 1724 574 circuire:
1759 540 1865 574 audit
1894 539 2115 575 mortalibus

378 596 562 631 insuetam
596 597 793 631 suavitatis
827 595 1070 630 harmoniam.
1132 593 1368 639 majestatem
1402 605 1527 628 secum
1560 598 1710 640 reputat
1743 595 1990 640 imperiosam,
2021 607 2116 641 quae

378 651 555 696 quiddam
586 652 728 696 insigne
757 651 903 696 spirans
932 654 969 684 et
999 649 1209 684 immortale
1238 652 1385 694 poterat
1415 649 1461 684 ad
1489 650 1662 684 caelestia
1692 651 1881 685 intuentes
1907 651 2114 686 accendere.

378 710 509 752 patent
532 707 682 741 aethera
704 719 862 750 sursum,
885 706 1034 740 claritas
1058 704 1268 751 resplendet
1291 706 1473 740 immensa
1496 705 1680 742 deorsum.
1731 707 1932 753 apostolico
1955 707 2117 753 piscator

379 766 474 796 nutu
507 766 665 806 tenetur,
696 762 785 796 dum
811 762 935 796 redeat
966 765 1004 796 et
1034 761 1170 796 laboris
1203 762 1260 796 sui
1296 762 1501 797 mercedem
1532 774 1645 808 quani
1676 764 1862 799 transiens
1896 764 2116 810 promiserat

379 818 639 863 apprehendat.

450 875 686 908 Sacramento
709 874 861 908 tandem
884 873 1032 909 divinae
1055 873 1300 908 dedicationis
1326 874 1482 920 expletO,
1501 874 1663 910 sidereae
1687 876 1891 910 mansionis
1911 876 2053 921 janitor
2069 875 2116 910 ad

378 928 508 963 ducem
538 930 643 963 navis
672 931 809 964 iterum
839 930 960 974 rediit,
987 935 1024 964 et
1050 931 1212 976 piscator
1240 931 1463 976 piscatorem
1489 931 1534 966 de
1559 931 1836 977 transponendo
1862 931 2017 966 fluvium
2043 932 2117 966 cito

378 986 559 1021 convenit.
610 986 703 1020 lenit
728 986 855 1031 itaque
880 990 1089 1031 paventem,
1115 998 1226 1032 quem
1250 999 1366 1032 paene
1384 999 1471 1033 prae
1496 988 1629 1022 timore
1653 988 1797 1022 invenit
1820 989 2052 1031 exanimem3
2079 991 2116 1022 et

377 1053 461 1076 eum
480 1040 670 1075 salutifera
687 1041 943 1076 exhortatione
955 1042 1094 1085 visitat,
1109 1046 1152 1077 ut
1169 1042 1214 1077 de
1232 1043 1454 1077 caelestibus
1471 1043 1660 1088 mysteriis
1678 1055 1773 1088 quae
1784 1043 1928 1078 viderat
1945 1043 2115 1077 confidat.

378 1097 620 1141 remigantem
646 1097 773 1142 itaque
796 1108 861 1142 per
883 1108 1031 1132 amnem
1049 1101 1086 1132 et
1104 1099 1284 1143 superiori
1308 1099 1410 1144 ripae
1434 1099 1756 1144 approximantem
1781 1099 1918 1143 collega
1942 1098 2118 1143 collegam

378 1153 589 1198 alloquitur,
602 1156 639 1187 et
651 1153 812 1198 piscator
828 1153 1051 1199 piscatorem
1070 1154 1128 1188 his
1145 1154 1378 1189 sermonibus
1395 1155 1448 1189 sic
1465 1155 1617 1190 affatur:
1644 1154 1822 1199 Qualiter,
1837 1155 1971 1200 inquit,
1987 1155 2025 1189 in
2039 1158 2119 1189 arte

378 1209 563 1254 profecisti
594 1209 809 1254 piscationis
836 1210 948 1245 tuae?
996 1210 1086 1255 quid
1120 1214 1272 1255 captum
1305 1213 1362 1244 est
1396 1210 1463 1244 hac
1491 1210 1624 1244 nocte?
1672 1222 1720 1244 an
1754 1210 1895 1255 aliquid
1924 1211 2019 1245 retia
2047 1210 2118 1245 tibi

378 1268 528 1310 operata
560 1270 649 1299 sunt
682 1265 942 1300 commodum?
991 1278 1037 1300 an
1066 1266 1211 1312 jactata
1244 1269 1333 1300 sunt
1367 1267 1404 1300 in
1439 1266 1592 1300 flumine
1618 1265 1665 1300 ad
1695 1266 1857 1312 aliquem
1885 1267 2118 1312 profectum?

378 1333 536 1366 cumque
553 1325 702 1366 negaret
720 1322 780 1356 ille
798 1325 992 1367 capturam
1005 1326 1043 1356 et
1054 1322 1193 1356 diceret
1204 1322 1380 1356 defecisse
1392 1321 1462 1356 sibi
1481 1322 1688 1365 materiam,
1701 1322 1766 1366 qui
1780 1322 1883 1367 prius
1897 1321 2120 1368 loquebatur

378 1377 531 1422 adjecit:
553 1378 653 1412 Inice
671 1379 764 1413 retia
778 1378 900 1421 fluvio,
916 1382 954 1412 et
967 1378 1202 1412 abundanter
1215 1378 1337 1423 capies
1356 1378 1394 1412 in
1409 1381 1607 1412 momento.
1650 1380 1756 1423 paret
1769 1377 1938 1422 jubentis
1952 1378 2118 1424 imperio,

378 1435 415 1466 et
429 1432 531 1466 alveo
549 1433 713 1467 fluminis
731 1433 894 1468 maculas
911 1433 1048 1479 injecit,
1060 1438 1098 1468 et
1112 1434 1277 1479 piscibus
1295 1434 1423 1479 plenas
1440 1434 1611 1479 protinus
1630 1434 1799 1468 extraxit.
1843 1434 1942 1468 inter
1955 1438 2117 1469 caeteros

379 1500 463 1522 vero
488 1489 625 1534 piscem
651 1489 813 1534 repperit
839 1490 876 1523 in
902 1490 971 1523 reti
997 1489 1217 1532 mirabilem,
1241 1501 1351 1534 quem
1378 1491 1488 1535 vulgo
1513 1490 1703 1535 appellant
1728 1490 1943 1526 salmonem.
1995 1491 2117 1534 Hunc,

379 1546 511 1590 inquit,
545 1558 654 1580 mane
687 1547 764 1580 vice
798 1558 880 1580 mea
914 1546 1056 1581 Mellito
1089 1550 1325 1592 repraesenta
1357 1547 1542 1592 pontifici:
1582 1551 1669 1581 tuae
1703 1558 1787 1581 vero
1821 1547 1885 1592 qui
1918 1550 2119 1593 supersunt

378 1601 653 1647 reputabuntur
682 1603 849 1637 mercedi.
901 1603 1036 1637 comite
1065 1606 1191 1637 autem
1219 1604 1297 1637 vita
1330 1603 1442 1648 hujus
1471 1603 1540 1637 tibi
1570 1604 1713 1648 generis
1742 1616 1815 1637 non
1843 1603 1960 1638 deerit
1994 1604 2118 1649 copia;

378 1660 416 1692 et
442 1660 508 1692 tua
540 1661 625 1703 post
651 1661 688 1692 te
714 1662 879 1704 tempore
912 1659 1020 1703 longo
1053 1659 1244 1704 progenies
1275 1659 1342 1693 hac
1376 1663 1456 1693 arte
1489 1658 1636 1704 parabit
1665 1658 1774 1693 aedes
1803 1658 1873 1693 sibi
1906 1659 2117 1704 locupletes.

379 1713 573 1748 dominicis
595 1718 721 1749 tamen
746 1715 876 1749 diebus
903 1726 1005 1749 sacro
1024 1715 1172 1749 vacabis
1197 1715 1272 1749 otio
1291 1729 1298 1757 ;
1323 1722 1361 1749 et
1379 1715 1430 1749 sic
1448 1714 1495 1749 ab
1513 1715 1581 1749 hoc
1605 1715 1751 1760 negotio
1772 1715 1901 1749 cohibe
1919 1715 2118 1759 dexteram,

379 1782 424 1804 ne
454 1770 567 1805 vadas
595 1771 752 1806 ulterius
782 1772 820 1806 in
850 1774 1055 1816 capturam.
1108 1772 1305 1817 imperium
1339 1783 1464 1806 meum
1497 1771 1648 1806 sedulus
1681 1772 1890 1817 explorator
1922 1772 2052 1817 arripe,
2083 1775 2121 1806 et

379 1827 549 1872 episcopo
573 1827 781 1862 dedicatam
808 1827 1000 1862 nuntiabis
1025 1828 1229 1872 ecclesiam,
1256 1828 1320 1873 qui
1347 1828 1438 1862 mihi
1465 1828 1628 1862 intendit
1653 1828 1822 1862 dedicare
1848 1834 2117 1874 praeparatam.

379 1893 444 1926 ego
470 1882 547 1927 ipse
572 1894 653 1916 eam
680 1894 745 1927 per
767 1894 826 1917 me
849 1883 1014 1926 sacravi;
1042 1895 1107 1928 ego
1133 1884 1321 1929 mysteriis
1347 1884 1487 1918 sanctis
1512 1884 1690 1926 interfui;
1716 1887 1753 1918 et
1773 1884 1949 1918 accedens
1974 1883 2120 1929 praesul

380 1938 520 1972 factum
539 1938 695 1983 reperiet
718 1938 817 1983 quod
835 1951 873 1973 se
890 1939 1077 1973 facturum
1095 1938 1184 1973 urbs
1202 1940 1324 1974 vicina
1340 1939 1456 1975 docet.
1508 1940 1641 1974 missas
1664 1940 1862 1975 dumtaxat
1878 1940 2122 1975 dedicationis

381 1994 594 2028 solemniter
611 1998 772 2040 peragat,
791 1997 829 2028 et
847 1995 1023 2040 populum
1042 1995 1183 2030 domini
1207 1995 1426 2030 benedicens
1449 1995 1628 2030 absolvat.
1678 2000 1809 2030 auctor
1826 1996 1937 2041 hujus
1954 1996 2121 2030 mandati

383 2049 514 2083 Petrus
532 2052 589 2083 est
606 2050 796 2094 apostolus
812 2049 834 2083 J
838 2061 903 2083 esu
927 2050 1078 2093 Christi,
1095 2051 1160 2096 qui
1179 2063 1222 2085 ea
1239 2063 1333 2096 quae
1351 2051 1457 2086 audis
1480 2054 1605 2086 tecum
1622 2051 1798 2096 loquitur,
1817 2055 1855 2086 et
1872 2063 1916 2086 ex
1932 2051 2044 2097 hujus
2061 2063 2122 2086 ore

382 2117 440 2139 res
458 2106 530 2139 ista
548 2106 717 2151 episcopo
735 2107 942 2151 significata
960 2107 1169 2141 mandatur.

455 2162 558 2196 Visio
576 2162 702 2206 itaque
721 2162 818 2196 beati
830 2162 1014 2207 disparuit
1026 2162 1084 2196 his
1097 2162 1207 2196 dictis
1224 2161 1391 2207 apostoli.
1435 2173 1520 2196 cum
1538 2162 1700 2207 piscator
1717 2174 1824 2196 mane
1841 2162 1888 2196 ad
1906 2162 2121 2208 episcopum

384 2216 512 2250 retulit
535 2216 717 2261 quidquid
740 2216 787 2250 ab
807 2217 975 2262 apostolo
1000 2217 1170 2262 superius
1195 2217 1348 2260 audivit,
1368 2217 1458 2251 fides
1481 2217 1680 2251 adhibetur
1697 2217 1735 2251 in
1753 2229 1905 2252 munere
1928 2218 2027 2264 quod
2050 2217 2121 2253 sibi

384 2283 469 2305 cum
496 2272 698 2316 apostolica
724 2276 945 2316 provenerat
974 2272 1103 2306 salute.
1154 2272 1364 2317 gratulatur
1392 2272 1557 2306 Mellitus
1584 2273 1673 2306 caeli
1704 2273 1981 2308 clavicularium
2010 2273 2122 2319 hujus

385 2328 602 2361 sacrationis
620 2328 802 2372 peregisse
820 2328 1038 2373 mysterium
1053 2341 1060 2370 3
1087 2328 1368 2373 ingrediensque
1386 2329 1550 2373 signatos
1561 2328 1761 2363 chrismate
1779 2329 1938 2374 parietes
1949 2330 2120 2375 repperit,

385 2394 478 2426 quos
490 2382 692 2428 jordanicis
715 2395 898 2429 respersos
923 2383 1072 2418 fluentis
1096 2384 1278 2418 intellexit
1294 2397 1300 2420 :
1328 2384 1508 2419 duodenis
1526 2384 1707 2430 conspicit
1724 2384 1896 2418 crucibus
1914 2385 2121 2430 insignitos,

386 2441 423 2471 et
441 2438 585 2483 typicos
611 2439 840 2473 characteres
866 2439 1089 2483 pavimentis
1115 2440 1339 2486 inscriptos;
1365 2440 1673 2485 conflagratorum
1701 2440 1814 2474 etiam
1836 2440 2003 2486 reliquiis
2026 2452 2121 2476 cere-

386 2504 490 2527 orum
508 2493 660 2528 beatum
678 2493 944 2528 animadvertit
955 2495 1103 2529 affuisse
1116 2496 1268 2530 Petrum
1281 2495 1502 2541 apostolum,
1515 2495 1684 2540 hancque
1694 2495 1762 2529 deo
1773 2495 1947 2530 decenter
1958 2507 2122 2531 sacrasse

386 2548 588 2593 basilicam,
622 2553 659 2584 et
691 2561 785 2595 agno
819 2562 955 2595 sponso
989 2555 1146 2597 nuptam
1180 2552 1419 2597 despondisse
1448 2552 1710 2597 incorruptam.
1773 2553 1912 2597 gratias
1944 2553 2021 2598 agit
2054 2553 2122 2588 deo

385 2609 588 2650 sanctoque
605 2605 781 2650 apostole,
794 2608 832 2640 et
849 2607 1124 2652 pontificalibus
1141 2608 1302 2642 amictus
1319 2607 1550 2643 indumentis
1564 2609 1697 2643 missas
1710 2609 1799 2643 facit
1816 2609 1976 2644 celebres
1993 2613 2122 2644 tantae

386 2660 657 2695 solemnitatis:
701 2663 880 2696 sermonis
913 2663 1071 2708 protulit
1097 2663 1143 2698 de
1170 2676 1208 2698 re
1236 2667 1340 2709 gesta
1373 2663 1644 2709 compendium,
1672 2664 1868 2699 intendens
1896 2665 2123 2710 profectibus

385 2717 613 2753 animarum:
641 2718 748 2752 offert
771 2719 1002 2763 sacrificium,
1028 2720 1197 2754 immolat
1220 2720 1489 2764 holocaustum,
1511 2720 1731 2755 confitentes
1754 2720 1926 2766 absolvit,
1943 2722 2123 2767 populum

385 2772 526 2806 domini
544 2772 739 2809 benedicit.
790 2774 945 2819 expletis
964 2775 1090 2820 itaque
1107 2776 1333 2810 celebritatis
1351 2779 1479 2810 tantae
1497 2776 1685 2821 mysteriis
1704 2787 1788 2810 cum
1805 2776 1939 2821 gaudio
1956 2777 2123 2822 pontifex

363 2820 536 2861 ¹recessit
563 2828 609 2862 ad
639 2828 805 2873 propria:
840 2832 878 2862 et
907 2841 1002 2863 nova
1028 2830 1163 2864 cotidie
1192 2830 1366 2876 deinceps
1395 2831 1510 2865 crevit
1537 2831 1605 2865 deo
1634 2842 1777 2876 sponsa.
1830 2831 2013 2866 Thorneia
2038 2844 2123 2867 vero

386 2883 536 2928 anglice,
550 2895 645 2928 quae
664 2884 854 2928 spinarum
874 2885 995 2919 insula
1012 2885 1127 2920 latine
1144 2886 1292 2930 dicitur,
1305 2886 1526 2921 vocabulum
1544 2887 1744 2921 vetustatis
1761 2887 1900 2931 amisit,
1918 2891 1956 2922 et
1973 2900 1995 2922 a
2011 2893 2123 2923 vento

387 2940 443 2974 vel
462 2940 538 2974 situ
556 2940 720 2975 civitatis
737 2940 962 2976 occidentale
979 2943 1247 2977 monasterium
1265 2955 1398 2977 nomen
1418 2943 1569 2988 accepit.

460 2997 664 3031 Piscatores
682 3009 778 3041 vero,
796 2998 859 3042 qui
878 2997 923 3032 de
939 3010 1070 3043 genere
1094 2999 1193 3033 illius
1214 2999 1485 3034 descenderunt
1507 3000 1566 3033 cui
1585 2999 1716 3034 beatus
1742 3000 1872 3034 Petrus
1895 3000 2069 3045 apparuit
2086 3001 2125 3034 et

387 3051 451 3096 qui
478 3051 525 3086 ad
552 3055 723 3086 sanctum
752 3052 937 3087 Mellitum
965 3054 1123 3088 eundem
1153 3055 1373 3098 transmisit,
1400 3054 1521 3089 adhuc
1549 3066 1666 3099 usque
1693 3054 1801 3089 hodie
1826 3056 1890 3100 qui
1921 3058 2126 3089 nascuntur

387 3120 452 3153 per
469 3108 631 3142 ordinem
651 3108 833 3143 decimata
856 3110 1026 3155 captione
1044 3112 1162 3144 sancti
1181 3111 1359 3156 principis
1376 3111 1627 3156 apostolorum
1646 3114 1871 3145 venerantur
1888 3111 2121 3156 dignitatem.
