2385 3891
68 953 152 984 Mar.
171 953 201 989 4,

67 1006 132 1028 ΑΛ).
151 996 245 1027 1383.

68 1039 267 1078 Testimony
283 1038 317 1068 of

67 1082 258 1115 fishermen.

79 2747 180 2778 From
198 2747 256 2778 the

79 2790 292 2828 customary,

79 2836 125 2873 pt.
147 2843 191 2871 ιν,
211 2843 238 2864 c.
257 2834 286 2864 8.

80 2966 238 2997 Rewards
255 2967 306 2997 for

79 3010 221 3049 offering
237 3009 294 3041 the

80 3052 223 3084 salmon.

801 401 906 449 Tlee
944 400 1092 450 Titlze
1128 400 1195 464 of
1220 400 1435 449 Salmon
1819 400 1881 443 65

438 528 502 568 De
525 527 591 568 his
613 527 745 568 etiam
769 526 1067 568 testimonium
1090 526 1320 582 perhibent
1342 540 1426 566 non
1448 524 1584 565 solum
1603 522 1731 563 vicini
1748 521 1882 562 nostri

350 596 560 638 seculares
588 595 734 637 famosi
765 595 948 637 litterati
975 601 1019 636 et
1048 595 1156 644 laici,
1178 594 1251 636 sed
1277 609 1404 650 quam
1434 594 1577 649 plures
1599 591 1883 633 adventantes

349 665 542 707 extranei
563 665 616 706 ad
638 666 973 721 parliamentum
996 664 1156 705 milites
1177 670 1221 705 et
1251 669 1485 718 magnates,
1507 676 1687 717 quorum
1710 659 1884 700 nomina

349 735 614 790 singulorum
651 736 838 790 placeret
872 735 939 774 hic
973 734 1214 783 inscribere,
1247 733 1279 773 si
1319 748 1403 774 non
1440 730 1684 787 legentibus
1721 728 1882 784 aliquid

349 803 614 859 superfluum
644 803 735 844 fieri
768 810 844 844 aut
875 802 1154 843 audientibus
1180 801 1400 843 fastidium
1432 798 1626 855 generari
1657 798 1885 838 videretur.
1906 811 1921 840 5

350 888 483 914 unum
514 879 659 914 tamen
682 872 734 913 ad
764 872 968 927 majorem
992 871 1252 912 evidentiam
1281 870 1522 910 futurorum
1551 868 1617 909 hic
1646 866 1887 914 inscribam,

349 943 462 998 quod
490 958 601 984 anno
629 942 790 983 domini
822 941 1099 988 mccclxxxii⁰‚
1126 946 1318 995 tempore
1346 939 1456 994 regis
1486 937 1657 979 Ricardi
1686 935 1725 977 iii
1754 941 1886 983 sexto,

349 1013 408 1053 iv⁰
439 1027 571 1053 nonas
601 1011 759 1059 Martii,
782 1018 976 1066 tempore
1006 1008 1279 1065 parliamenti
1312 1007 1424 1048 tenti
1450 1007 1565 1062 apud
1598 1006 1886 1047 Westmonas-

349 1081 520 1130 terium,
556 1082 726 1122 oblatus
769 1081 851 1121 fuit
889 1094 1000 1120 unus
1042 1079 1174 1119 salmo
1215 1077 1389 1133 grandis
1425 1077 1478 1117 ad
1516 1090 1720 1132 magnum
1752 1075 1886 1115 altare

348 1151 466 1192 beati
509 1150 625 1192 Petri
670 1147 1142 1191 Westmonastcriensis
1188 1161 1265 1202 per
1310 1146 1543 1201 piscatores
1585 1143 1888 1198 infrascriptos,
1912 1155 1947 1177 10

351 1220 550 1261 videlicet
582 1219 812 1261 Ricardum
843 1218 982 1267 Halle,
1011 1217 1255 1259 Johannem
1290 1216 1428 1271 Elyot,
1457 1215 1664 1256 Thomam
1695 1212 1813 1254 Cook
1843 1218 1887 1252 et

355 1289 618 1330 Willelmum
650 1288 859 1338 Newt0n3
890 1301 1070 1342 quorum
1109 1285 1315 1340 magister
1344 1283 1426 1325 fuit
1455 1282 1678 1324 Gilbertus
1709 1280 1813 1322 civis
1843 1286 1887 1321 et

352 1358 557 1413 piscarius
589 1357 909 1404 Londoniensis,
942 1369 1205 1396 commorans
1242 1354 1287 1394 in
1324 1352 1458 1393 veteri
1490 1350 1694 1407 piscaria3
1730 1356 1775 1391 et
1806 1348 1887 1405 ipsi

351 1428 585 1469 servientes
622 1427 715 1482 ejus
746 1429 922 1467 fuerunt
953 1440 1030 1481 per
1060 1425 1206 1465 decem
1238 1437 1372 1464 annos
1404 1422 1568 1477 elapsos
1599 1425 1644 1461 et
1679 1419 1888 1475 amplius:

352 1504 396 1539 et
429 1497 678 1538 fatebantur
708 1511 752 1537 se
784 1494 990 1536 obtulisse
1024 1493 1077 1534 ad
1109 1493 1244 1534 altare
1278 1491 1415 1533 sancti
1448 1490 1563 1532 Petri
1597 1490 1946 1535 Westmonas-15

352 1566 548 1608 teriensis
576 1565 762 1606 decimas
791 1564 1031 1605 salmonum
1059 1562 1168 1603 bene
1195 1569 1238 1602 et
1267 1560 1453 1601 fideliter
1480 1574 1556 1615 per
1576 1558 1712 1600 dictos
1741 1557 1887 1599 decem

351 1651 494 1685 annos,
535 1635 736 1676 videlicet
778 1648 851 1674 sex
893 1635 1104 1673 salmones
1150 1629 1390 1678 decimales
1432 1628 1546 1669 unde
1588 1635 1675 1669 tres
1716 1627 1760 1668 in
1803 1641 1889 1667 una

351 1705 604 1746 obtulerunt
639 1702 891 1759 septimana.
958 1706 1002 1742 et
1038 1699 1283 1756 praedictus
1326 1696 1533 1738 Ricardus
1571 1696 1712 1744 Halle,
1749 1694 1890 1736 senior

352 1774 555 1823 omnium,
588 1780 637 1815 ut
668 1779 786 1829 puto,
814 1769 1116 1827 sexagenarius
1144 1774 1299 1817 aetate,
1325 1766 1558 1822 requisitus
1590 1765 1672 1806 fuit
1703 1780 1728 1805 a
1759 1764 1888 1805 fratre

352 1845 379 1886 J
384 1845 550 1885 ohanne
579 1843 631 1884 de
661 1843 855 1897 Fernago
885 1846 989 1881 tunc
1017 1837 1286 1880 refectorario
1311 1836 1363 1877 de
1385 1835 1543 1876 finibus
1565 1835 1654 1875 sive
1676 1833 1888 1874 limitibus
1909 1850 1950 1872 20

353 1929 488 1970 aquae
517 1912 781 1961 Thamensis‚
803 1911 913 1952 infra
941 1924 1047 1965 quos
1072 1909 1124 1950 de
1147 1908 1245 1963 jure
1275 1906 1477 1947 moderno
1506 1911 1550 1946 et
1578 1902 1889 1945 consuetudine

353 1984 533 2040 antiqua
563 1982 770 2024 deberent
802 1978 1002 2021 ecclesiae
1034 1976 1277 2034 praedictae
1309 1975 1519 2016 salmones
1549 1971 1775 2014 decimari:
1816 1970 1890 2027 qui

347 2051 629 2108 jurejurando
642 2048 824 2091 asseruit
839 2063 979 2089 coram
993 2046 1116 2088 sociis
1130 2045 1218 2087 suis
1235 2042 1630 2101 praenominatis‚in
1647 2039 1892 2097 praesentia

355 2122 589 2163 multorum
612 2118 804 2175 ejusdem
832 2117 911 2158 loci
934 2116 1237 2157 monachorum
1265 2120 1309 2155 et
1337 2112 1607 2161 secularium,
1629 2111 1774 2152 dicens
1800 2124 1844 2150 se
1866 2124 1891 2149 a

354 2197 476 2247 patre
498 2205 574 2231 suo
600 2188 799 2230 edoctum
828 2186 971 2234 fuisse,
987 2190 1032 2226 et
1053 2184 1097 2225 in
1126 2182 1366 2239 praeceptis
1395 2180 1639 2237 specialiter
1666 2177 1890 2234 accepisse,
1912 2196 1950 2227 25

356 2266 405 2302 ut
432 2260 671 2301 salmonum
700 2255 1030 2299 decimationem
1060 2253 1262 2296 ecclesiae
1287 2251 1425 2294 sancti
1456 2249 1572 2291 Petri
1601 2249 1890 2290 Westmonas-

357 2330 563 2378 tcricnsis,
585 2329 629 2369 in
651 2328 822 2384 signum
845 2323 1127 2367 dedicationis
1149 2322 1342 2379 ejusdem
1370 2336 1448 2378 per
1475 2326 1673 2361 sanctum
1703 2319 1892 2365 Petrum,

356 2400 464 2441 bene
481 2405 525 2440 et
541 2397 726 2439 fideliter
742 2402 786 2437 et
803 2395 893 2437 sine
911 2394 1058 2435 fraude
1076 2407 1244 2448 semper
1260 2392 1461 2432 offerrent
1477 2405 1501 2430 a
1518 2393 1649 2445 ponte
1666 2387 1718 2428 de
1737 2388 1893 2428 Stanes

358 2483 491 2523 usque
513 2466 567 2507 ad
589 2464 782 2506 Yenlade
805 2464 918 2504 ultra
940 2461 1224 2509 Gravesende,
1240 2475 1316 2516 per
1338 2465 1475 2500 totam
1497 2455 1761 2498 Thamisiam
1784 2454 1893 2496 infra

359 2536 518 2576 limites
538 2533 788 2589 praedictos.
850 2538 894 2572 et
916 2531 993 2571 hoc
1015 2529 1146 2571 etiam
1163 2529 1433 2569 affirmarunt
1455 2525 1647 2581 ejusdem
1669 2523 1892 2580 piscatoris
1913 2543 1953 2573 30

358 2604 458 2645 socii
480 2600 804 2658 praenominati,
826 2616 869 2641 se
891 2614 916 2640 a
944 2598 1140 2654 patribus
1161 2597 1250 2638 suis
1272 2596 1358 2637 tale
1379 2600 1657 2651 praeceptum
1681 2592 1893 2635 habuisse.

447 2737 644 2790 Qualiter
674 2737 748 2777 fiet
780 2736 831 2776 dc
863 2734 1043 2790 antiqua
1073 2731 1383 2774 consuetudine
1416 2729 1618 2771 ecclesiae
1650 2728 1893 2785 praedictae

361 2806 642 2863 piscatoribus
670 2820 745 2861 pro
770 2804 958 2845 salmone
985 2803 1129 2844 oblato
1158 2807 1280 2857 patet
1308 2800 1351 2842 in
1379 2799 1486 2840 libro
1513 2795 1892 2841 Consuetudinarii

362 2877 420 2917 iva
443 2883 575 2932 parte,
596 2875 785 2931 capitulo
809 2874 913 2923 viii0,
935 2873 1064 2914 titulo
1087 2869 1348 2927 Coquinarii.

448 2959 495 3000 Si
517 2958 740 3014 contingat
769 2957 882 3013 quod
910 2955 1066 3011 aliquis
1095 2954 1281 3011 piscator
1310 2952 1354 2992 in
1375 2950 1602 3006 coquinam
1632 2964 1707 3005 pro
1729 2947 1895 2990 decima
1915 2966 1954 2995 35

362 3044 439 3070 sua
474 3029 706 3070 salmonem
740 3026 876 3068 sancti
910 3025 1026 3066 Petri
1063 3023 1180 3080 prius
1212 3022 1265 3063 ad
1298 3035 1502 3077 magnum
1534 3019 1668 3060 altare
1700 3018 1894 3059 oblatum

364 3100 482 3147 ferat,
504 3114 601 3140 cum
634 3097 747 3139 idem
777 3096 904 3152 piscis
936 3099 1212 3136 exenteratus
1239 3091 1380 3140 fuerit,
1409 3089 1585 3131 sacrista
1616 3103 1691 3145 pro
1719 3087 1896 3129 candela

428 3191 446 3220 3
471 3187 625 3227 magnati
641 3187 682 3218 W
700 3187 758 3227 Sp.
917 3188 935 3218 7
953 3187 1038 3226 fors.
1055 3184 1261 3216 scribendum
1278 3191 1371 3214 anno
1387 3179 1480 3219 regni
1498 3179 1586 3219 regis
1602 3178 1738 3210 Rieardi
1758 3177 1896 3209 secundi

364 3245 471 3273 sexto.
648 3240 699 3279 11,
721 3241 760 3270 18
784 3239 872 3270 Hale
889 3238 944 3270 W.

458 3321 491 3346 R.
511 3321 542 3345 F.
1783 3303 1803 3333 5
