2385 3891
869 440 1124 490 Ne'cholas
1160 441 1472 504 Le’tlyngyton
1852 446 1944 493 137

406 564 727 621 privilegiorum
759 565 960 607 ecclesiae
992 565 1464 608 Westmonasteriensis
1486 573 1530 608 et
1554 566 1754 608 libertate
1777 569 1944 609 ecclesi-

405 633 539 675 astica
561 651 570 685 ;
611 634 811 676 videlicet
841 650 917 691 pro
948 642 1083 676 morte
1117 636 1295 677 Roberti
1328 637 1492 685 Hawle‚
1513 636 1558 677 in
1584 635 1710 677 choro
1738 637 1946 692 praedicti

406 704 651 745 monasterii
678 704 1147 746 westmonasteriensis
1175 720 1251 759 per
1271 721 1369 747 suos
1391 706 1581 747 aemulos
1603 706 1802 761 nequiter
1822 707 1946 748 occisi

123 782 161 813 11
178 783 264 822 Aug.
406 778 597 828 tempore
626 773 738 815 altae
771 773 936 823 missae,
964 774 1068 814 dum
1101 774 1372 829 evangelium
1395 790 1420 815 a
1448 774 1624 816 diacono
1654 775 1880 831 legeretur,
1902 776 1945 817 in

122 825 246 867 (1378).
405 841 474 883 die
503 843 639 884 sancti
667 843 843 884 Taurini
874 843 1060 900 episcopi
1090 858 1235 884 mense
1258 843 1460 899 Augusti,
1483 850 1533 884 ut
1561 850 1683 899 patet
1705 859 1780 899 per
1803 860 1947 886 versus
1970 862 1986 891 5

406 912 494 954 loco
523 914 636 955 chori
661 914 818 956 ibidem
844 931 927 971 quo
948 922 1198 972 peremptus
1224 917 1364 957 fuerat
1385 916 1576 972 scriptos,
1598 922 1648 957 ut
1669 917 1889 972 sequitur:

579 1001 623 1041 M
655 1001 817 1042 domini
851 1001 886 1044 C
918 1008 985 1043 ter
1016 1002 1295 1058 septuaginta
1327 1002 1393 1043 his
1423 1002 1545 1044 dabis
1576 1009 1681 1053 octo,

634 1069 811 1111 Taurini
843 1070 1054 1111 celebrem
1086 1070 1211 1126 plebe
1242 1071 1409 1113 colente
1440 1071 1569 1120 diem,

577 1138 645 1180 hic
675 1139 872 1181 duodena
903 1140 1022 1196 prius
1054 1140 1099 1181 in
1130 1155 1302 1196 corpore
1336 1141 1512 1182 vulnera
1542 1148 1729 1197 gestans,

633 1224 733 1250 ense
764 1215 942 1265 petente
975 1216 1118 1266 caput,
1152 1210 1302 1251 Hawle
1336 1211 1551 1253 Robertus
1582 1211 1684 1254 obit.
1971 1231 2008 1252 10

577 1277 699 1332 cujus
730 1277 775 1319 in
806 1278 986 1320 interitu
1020 1278 1208 1329 libertaS,
1240 1279 1395 1328 cultus,
1428 1279 1629 1321 honestas

632 1347 801 1402 planxit
833 1347 1014 1390 militiae
1047 1348 1252 1389 immunis
1284 1349 1496 1390 ecclesiae.

490 1432 613 1473 Idem
654 1439 801 1474 autem
843 1434 975 1475 abbas
1016 1434 1231 1476 ordinavit
1273 1442 1322 1476 ut
1365 1435 1524 1476 festum
1565 1436 1701 1477 sancti
1738 1437 1852 1478 Petri
1898 1438 1943 1479 in

403 1501 607 1542 cathedra
637 1502 680 1542 in
712 1508 931 1558 posterum
968 1504 1257 1545 celebraretur
1290 1504 1334 1545 in
1366 1505 1556 1560 quinque
1589 1506 1716 1562 capis,
1750 1507 1944 1549 unanimi

403 1585 576 1611 assensu
609 1577 652 1612 et
683 1586 889 1613 consensu
923 1572 1057 1613 totius
1089 1572 1278 1628 capituli.

116 1638 184 1675 †29
201 1639 283 1672 Nov.
488 1639 611 1680 Obiit
631 1646 778 1680 autem
801 1640 846 1680 in
869 1640 1016 1696 vigilia
1038 1641 1175 1682 sancti
1205 1641 1403 1684 Andreae
1433 1643 1626 1698 apostoli,
1648 1659 1759 1685 anno
1781 1645 1944 1686 domini

117 1683 212 1716 1386.
399 1708 626 1749 millesimo
657 1709 828 1750 ccclxxx
860 1716 991 1759 sexto,
1024 1717 1068 1752 et
1100 1711 1221 1767 regni
1250 1712 1362 1767 regis
1394 1712 1597 1754 Richardi
1628 1714 1803 1754 secundi
1831 1729 1943 1755 anno

399 1777 504 1831 [...],
535 1793 632 1819 cum
664 1779 920 1834 praefuisset
952 1780 1114 1822 ibidem
1151 1787 1196 1822 et
1232 1787 1406 1823 strenue
1439 1783 1723 1838 gubernasset
1754 1799 1829 1839 per
1860 1800 1942 1825 xxv

112 1862 239 1894 Buried
255 1862 369 1895 before
398 1862 531 1888 annos
568 1854 612 1889 et
648 1848 845 1904 amplius.
906 1850 1189 1905 sepultusque
1227 1856 1293 1891 est
1329 1856 1431 1892 ante
1465 1852 1624 1893 ostium
1658 1853 1861 1894 vestibuli
1898 1860 1942 1895 et

113 1905 328 1981 '‘Slssefflffgzffi
395 1923 495 1958 ante
529 1918 721 1959 medium
758 1919 906 1960 altaris
943 1920 1079 1960 sancti
1116 1920 1249 1961 Blasii
1287 1921 1486 1977 episcopi,
1523 1923 1603 1964 sub
1638 1924 1765 1979 plano
1800 1924 1941 1980 lapide
1962 1946 2002 1967 20

397 2000 631 2027 marmoreo
662 1986 864 2028 decenter
895 1994 1055 2029 ornato.
1117 1989 1239 2044 cujus
1272 1990 1358 2030 tale
1391 1996 1456 2031 est
1489 1991 1787 2047 epitaphium:

1969 1601 2003 1630 ¹5

570 2072 615 2113 Si
650 2073 776 2114 liceat
808 2074 980 2115 laudare
1015 2074 1152 2115 virum
1185 2081 1282 2131 post
1315 2076 1404 2117 fata
1433 2078 1613 2133 perenni

568 2156 676 2190 aere,
708 2148 805 2183 tuos
837 2149 960 2184 sonet
991 2144 1088 2184 alba
1119 2144 1211 2199 pios
1243 2150 1293 2185 ut
1326 2161 1472 2187 versus
1506 2147 1696 2196 honores,

567 2212 678 2253 facta
707 2227 842 2268 genus
876 2228 1011 2254 mores
1043 2214 1182 2269 pietas
1214 2215 1446 2270 prudentia
1479 2216 1617 2258 virtus

567 2288 750 2337 poscunt
781 2289 908 2338 urget
939 2289 1069 2324 avent
1100 2283 1255 2325 suadet
1287 2291 1433 2326 monet
1466 2285 1632 2336 incitat,
1664 2294 1794 2343 atque
1958 2307 1996 2336 ²5

566 2366 610 2392 os
642 2350 806 2392 ratione
839 2367 991 2393 manus
1022 2368 1147 2394 aures
1181 2369 1287 2410 vaga
1320 2355 1485 2396 lumina
1515 2371 1687 2411 gressus

568 2419 785 2460 subtrahis
817 2436 841 2461 a
873 2421 1001 2470 vitiis,
1033 2437 1199 2463 morum
1231 2423 1446 2479 gravitate
1480 2425 1710 2468 modestus.

567 2494 813 2530 constanter
843 2505 917 2545 pro
943 2491 1042 2545 jure
1075 2492 1144 2533 dei
1175 2493 1351 2541 bellans,
1385 2499 1460 2535 tua
1493 2495 1630 2536 virtus

566 2559 751 2600 contulit
782 2561 1001 2616 exemplar
1031 2561 1126 2603 aliis
1158 2563 1402 2618 pastoribus
1435 2564 1597 2620 ingens

568 2628 740 2678 sentiat,
771 2629 884 2670 alma
915 2645 1080 2686 parens
1113 2632 1381 2688 Lytlyngton
1413 2649 1527 2675 nunc
1560 2634 1796 2675 Nicholaus
1956 2652 1996 2681 30

568 2704 705 2738 morte
736 2698 849 2753 quod
883 2699 927 2739 in
962 2699 1049 2741 vita
1082 2700 1162 2741 tibi
1195 2701 1270 2743 det
1301 2702 1483 2744 devotus
1515 2703 1687 2745 amavit.

567 2767 616 2808 fit
649 2768 784 2809 fatata
815 2768 906 2810 dies
937 2770 1180 2825 penultima
1212 2787 1356 2813 mense
1389 2772 1626 2814 Novembri

568 2836 603 2879 C
634 2842 701 2878 ter
731 2844 775 2879 et
808 2838 847 2879 X
880 2845 947 2880 ter
977 2845 1022 2880 et
1054 2840 1137 2881 LM
1170 2856 1243 2883 sex
1276 2842 1405 2897 hujus
1438 2843 1553 2884 necis
1584 2843 1719 2885 annis.

110 2925 177 2957 His
193 2926 290 2957 anni·
479 2917 832 2959 Anniversarium
854 2925 1000 2961 autem
1028 2921 1121 2977 ejus
1149 2922 1392 2965 celebratur
1417 2923 1460 2965 in
1483 2924 1552 2966 die
1574 2925 1711 2966 sancti
1735 2925 1933 2967 Nicholai

108 2979 257 3010 versary.
393 2987 590 3043 episcopi,
613 2994 662 3029 ut
684 2987 774 3044 ipse
796 2988 910 3030 idem
943 2990 1170 3040 ordinavit,
1192 2992 1295 3033 dum
1326 2999 1438 3034 esset
1460 2993 1577 3049 prior
1605 2994 1684 3035 loci
1713 2995 1934 3051 praedicti,
1955 3016 1992 3046 35

391 3072 468 3113 per
487 3072 707 3099 assensum
730 3064 774 3099 et
797 3059 1064 3101 voluntatem
1094 3060 1295 3116 Symonis
1316 3062 1368 3103 de
1392 3062 1615 3118 Langham
1640 3070 1743 3105 tunc
1765 3064 1934 3106 abbatis

394 3127 764 3168 Westmonasterii
783 3142 791 3177 3
823 3134 872 3169 ut
894 3135 1015 3184 patet
1036 3145 1113 3186 per
1134 3131 1243 3172 hanc
1259 3132 1451 3173 chartam
1469 3138 1721 3188 sequentem
1741 3151 1748 3175 :
1782 3134 1934 3176 Pateat

392 3195 614 3244 universis,
635 3203 713 3237 etc.

459 3300 477 3331 7
504 3299 597 3330 LXX
622 3299 679 3340 Sp.
862 3302 902 3332 10
932 3301 1045 3334 Haule
1071 3303 1128 3343 Sp.
1332 3305 1372 3337 19
1400 3311 1481 3336 ante
1506 3305 1818 3346 ostium—altaris]
1842 3305 1932 3337 infra

390 3350 599 3382 vestibulum
616 3353 698 3383 ante
714 3351 824 3384 altare
842 3352 900 3393 Sp.
1096 3356 1137 3386 23
1160 3355 1253 3396 alba]
1262 3357 1351 3396 sors.
1369 3356 1465 3388 abba.
