2385 3891
445 399 510 445 26

848 397 1030 446 Flete's
1066 397 1291 458 History
1328 396 1395 458 of
1429 395 1778 444 Westminster

826 523 900 567 (11)
953 522 1068 556 Christ
1092 521 1235 567 raysetlc
1260 521 1421 554 Lazarus
1446 525 1508 554 out
1533 519 1577 565 of
1595 519 1650 553 his
1672 531 1794 565 yraue.

727 601 885 635 Lazarus
910 600 1097 645 egreditur
1121 600 1166 634 de
1192 599 1323 634 tumba
1348 611 1422 644 qua
1447 599 1645 644 sepelitur3

726 656 843 699 Quem
870 659 977 690 vocat
1001 667 1023 689 a
1048 658 1167 689 morte
1194 655 1366 690 Christus
1391 655 1575 699 migrante
1601 654 1758 688 cohorte.

727 712 797 755 Qui
823 711 931 756 culpa
956 711 1144 756 premeris,
1172 713 1214 745 ut
1241 711 1400 745 Lazarus
1426 710 1631 755 egredieris,

727 769 764 802 Si
792 768 900 803 modo
925 768 1120 813 delinquas
1145 771 1183 802 et
1208 771 1292 812 post
1318 769 1469 812 peccata
1494 767 1691 812 relinquas.

946 879 1021 923 (12)
1073 878 1191 913 Cho-ist
1217 878 1351 925 rydz'nq
1376 890 1474 925 upon
1502 878 1556 913 tlte
1582 890 1667 913 asse.

726 955 881 990 Cantica
906 955 1015 1000 plena
1041 954 1147 989 melis
1173 966 1371 1000 puerorum
1398 954 1510 989 turba
1535 955 1653 989 fidelis

726 1011 910 1046 Decantat
936 1011 1095 1054 Christo,
1122 1011 1234 1046 titulo
1260 1011 1358 1056 quod
1385 1011 1499 1045 claret
1526 1012 1563 1045 in
1590 1011 1680 1046 isto:

726 1068 904 1113 Quisquis
929 1068 1042 1102 habes
1068 1068 1175 1102 flores
1200 1080 1347 1102 morum
1373 1068 1591 1113 meritisque
1616 1068 1774 1111 reflores,

725 1124 763 1158 Si
790 1123 982 1158 Christum
1008 1124 1142 1168 queris⁷
1170 1123 1228 1157 his
1254 1123 1406 1158 floribus
1431 1123 1530 1157 hunc
1556 1124 1749 1158 venereris.

848 1234 923 1277 (13)
976 1232 1094 1267 Olm'z'st
1118 1231 1270 1266 waslcetlc
1293 1237 1331 1277 312
1348 1231 1423 1278 feet
1449 1231 1493 1277 of
1511 1231 1567 1265 his
1592 1230 1769 1277 disez‘ples.

725 1308 781 1342 En
808 1307 908 1342 lavat
934 1307 1012 1352 ipse
1037 1307 1149 1353 pedes
1175 1307 1233 1341 0111
1259 1307 1372 1341 servit
1399 1306 1534 1340 coelica
1559 1305 1685 1341 sedes:

725 1364 786 1398 Sic
812 1365 854 1398 fit
879 1375 1068 1398 servorum
1094 1375 1223 1398 servus
1248 1363 1422 1398 dominus
1446 1363 1694 1397 dominorum.

725 1419 818 1454 Cum
844 1419 935 1454 deus
960 1422 1017 1453 est
1042 1420 1204 1463 humilis,
1231 1419 1352 1463 homo,
1379 1431 1444 1453 cur
1469 1430 1542 1452 11011
1568 1422 1626 1452 est
1651 1417 1720 1452 tibi
1748 1418 1831 1452 vilis

725 1475 851 1509 Gloria
876 1475 1091 1509 mundana?
1126 1474 1219 1508 nihil
1245 1477 1302 1508 est
1327 1474 1399 1508 nisi
1426 1474 1518 1508 visio
1545 1485 1650 1508 vana.

917 1586 989 1629 (14)
1044 1584 1161 1618 Christ
1186 1583 1327 1618 wmketlz
1353 1583 1409 1618 leis
1434 1583 1504 1618 last
1531 1583 1708 1629 Mmmdy.

726 1660 837 1694 Panis
862 1662 1032 1694 mutatur
1058 1660 1095 1693 111
1122 1671 1288 1694 carnem:
1317 1659 1369 1693 sic
1395 1662 1570 1704 operatur

725 1716 897 1750 Christus
923 1727 988 1760 per
1013 1715 1177 1757 verbum,
1205 1714 1274 1748 sub
1299 1726 1395 1760 pane
1421 1715 1542 1748 latens
1567 1725 1651 1748 caro
1677 1713 1840 1747 verbum.

725 1772 899 1807 Proditur
924 1773 1076 1815 insanis,
1103 1784 1176 1806 11011
1203 1775 1260 1805 est
1286 1783 1399 1805 sanus
1425 1771 1497 1805 nisi
1523 1771 1644 1813 sanis3

726 1829 837 1863 Panis
862 1828 1030 1862 coelestis
1056 1839 1155 1862 mors
1180 1831 1237 1862 est
1263 1839 1335 1861 11011
1364 1827 1441 1861 vita
1466 1826 1643 1861 scelestis.

701 1938 774 1983 (15)
828 1937 945 1972 Clam‘st
971 1937 1131 1972 betraied
1156 1936 1199 1983 by
1224 1936 1345 1970 ludas
1370 1935 1448 1970 and
1472 1935 1657 1970 deliuered
1682 1941 1715 1969 to
1738 1940 1776 1981 ψ
1801 1934 1919 1968 Jewes.

724 2012 817 2046 Ecce
843 2012 962 2046 scelus
988 2023 1177 2056 magnum,
1204 2023 1333 2046 servus
1358 2010 1563 2055 dominum,
1591 2010 1703 2055 lupus
1727 2021 1865 2054 agnum

724 2069 837 2103 Fallit
862 2072 900 2103 et
926 2068 1080 2111 invadit,
1107 2080 1218 2113 quem
1244 2068 1337 2102 falsa
1364 2079 1428 2113 per
1452 2068 1577 2102 oscula
1602 2067 1730 2102 tradit.

723 2124 794 2168 Qui
821 2125 953 2159 fratres
978 2124 1068 2168 odis,
1094 2136 1187 2169 quos
1212 2123 1305 2159 falsa
1330 2135 1396 2169 per
1421 2123 1545 2157 oscula
1570 2122 1706 2168 prodis,

724 2182 781 2215 Tu
805 2181 944 2215 Judam
970 2181 1144 2226 sequeris,
1172 2182 1209 2214 et
1234 2180 1256 2214 J
1261 2180 1352 2215 udas
1377 2179 1471 2214 alter
1497 2179 1653 2214 haberis.

843 2293 917 2336 (16)
966 2291 1087 2326 Judas
1111 2291 1267 2336 hanqetlz
1293 2290 1453 2337 laimselfe
1478 2291 1519 2324 in
1543 2289 1777 2336 desperatzsson.

724 2368 793 2402 Est
818 2367 970 2412 indigna
995 2367 1101 2402 bonis
1127 2379 1273 2413 semper
1298 2370 1387 2402 nota
1412 2367 1654 2412 proditionis:

725 2425 806 2459 Hoc
831 2425 939 2459 docet
964 2425 1141 2459 astrictus
1166 2425 1297 2469 laqueo
1323 2424 1441 2458 Judas
1467 2423 1697 2457 maledictus.

723 2481 810 2515 Sese
835 2481 1029 2526 suspendit
1056 2492 1167 2526 quem
1193 2480 1302 2526 culpa
1326 2480 1448 2525 gravis
1473 2480 1731 2526 reprehendit:

724 2538 783 2572 Sic
809 2538 854 2572 ad
881 2537 978 2573 idem
1005 2537 1127 2572 tendit
1152 2537 1215 2582 qui
1243 2537 1429 2571 insontem
1456 2548 1608 2570 munere
1633 2535 1772 2570 vendit.

833 2647 907 2691 (17)
961 2646 1078 2681 Christ
1105 2645 1226 2680 bound
1249 2645 1328 2679 and
1352 2644 1521 2692 wln‘pped
1544 2650 1583 2679 at
1608 2656 1633 2678 α
1654 2644 1782 2691 pillar.

722 2722 896 2756 Vincitur
922 2721 1064 2766 Ihesus,
1091 2733 1157 2756 nec
1182 2722 1346 2755 vincitur
1370 2721 1534 2766 undique
1559 2721 1699 2756 laesus:

721 2778 874 2812 Arctius
899 2781 1076 2821 arctatur,
1103 2780 1141 2811 et
1166 2778 1230 2822 qui
1256 2777 1347 2822 ligat
1373 2778 1452 2823 ipse
1477 2778 1623 2823 ligatur.

723 2833 761 2867 Si
787 2833 928 2867 iustum
955 2833 1085 2875 reiicis,
1113 2833 1143 2866 81
1170 2832 1335 2866 detrahis
1360 2836 1425 2867 aut
1452 2833 1653 2876 maledicis,

723 2889 866 2923 Ictibus
891 2889 1051 2934 impellis
1076 2888 1205 2923 Jesum
1233 2889 1444 2934 lacerasque
1470 2889 1632 2934 flagellis.

962 2999 1038 3043 (18)
1090 2998 1207 3033 Christ
1233 2998 1370 3044 mcgyled
1393 3010 1439 3032 οη
1461 3003 1499 3044 pse
1528 2998 1654 3033 Orosse.

724 3075 835 3109 Morti
862 3075 940 3109 vita
964 3074 1076 3109 datur
1101 3085 1166 3119 per
1189 3085 1300 3119 quem
1326 3084 1425 3107 mors
1451 3073 1716 3108 mortificatur:

723 3130 866 3164 Lancea
891 3141 975 3164 cum
1002 3129 1116 3164 clavis
1141 3131 1179 3163 et
1204 3140 1292 3163 crux
1318 3130 1408 3162 sunt
1433 3128 1568 3162 coelica
1592 3127 1715 3162 clavis.

722 3186 907 3231 Stigmata
932 3185 1019 3220 tolle
1044 3186 1173 3230 crucis,
1201 3185 1321 3229 homo,
1348 3185 1379 3219 si
1406 3186 1462 3219 vis
1487 3185 1620 3230 gaudia
1645 3185 1737 3219 lucis

723 3242 803 3276 Hac
828 3242 920 3277 duce
946 3242 1110 3286 mereari,
1138 3242 1275 3287 poteris
1300 3253 1406 3276 cruce
1431 3253 1490 3276 me
1515 3241 1694 3276 comitari.
