2385 3891
56 773 124 807 and
141 776 176 805 to
192 771 316 804 Altars.

63 1947 207 1986 Prayers
223 1948 259 1977 at

64 1991 122 2022 the
138 1990 281 2022 curfew.

66 2156 208 2196 Prayers
225 2155 278 2186 for

66 2199 123 2231 the
139 2198 320 2239 Departed.

867 425 970 475 The
1013 422 1347 485 [mlulssenees
1808 414 1869 462 75

338 555 439 598 dies.
502 553 556 594 ad
587 558 718 608 caput
748 550 885 592 sancti
919 547 1127 595 Mauricii,
1159 545 1294 587 sancti
1328 538 1593 584 Ethelbrithi
1625 543 1669 579 et
1700 540 1871 577 sanctae

339 624 523 666 Ursulae
545 628 780 677 martyrum
798 620 928 661 dccxx
947 618 1048 659 dies.
1109 616 1162 657 acl
1185 621 1314 670 caput
1331 611 1447 653 beati
1463 605 1688 651 Benedicti
1704 602 1873 646 abbatis

340 693 380 734 xi
404 693 506 734 anni
530 707 612 733 xxx
634 691 736 732 dies.

427 762 635 818 Sequitur
656 761 708 801 (10
731 758 1014 814 indulgentiis
1036 755 1243 798 concessis
1260 752 1458 794 omnibus
1474 749 1603 805 digne
1620 742 1872 788 celebranti-

338 831 419 873 bus
448 837 492 872 et
520 830 798 872 audientibus
828 828 977 869 missas
1002 826 1055 866 ad
1085 824 1237 866 altaria
1269 823 1312 863 111
1342 817 1599 862 monasterio
1634 815 1874 856 Wcstmon-
1896 827 1912 855 5

339 901 485 942 asterii
522 906 566 942 et
597 897 940 941 benefactoribus
977 910 1133 937 eorum.
1209 893 1263 934 ad
1304 905 1507 946 magnum
1545 888 1679 928 altare
1716 883 1875 925 ibidem

342 970 370 1010 ii
399 970 501 1010 anni
531 984 575 1010 cc
601 968 703 1010 dies.
764 967 818 1008 ad
847 966 980 1006 altare
1009 970 1181 1004 sanctae.
1209 960 1345 1002 crucis
1374 959 1463 1000 cclx
1493 957 1594 998 dies.
1656 954 1710 995 ad
1742 953 1876 994 altare

341 1045 512 1080 sanctae
537 1036 766 1079 Trinitatis
791 1035 879 1076 ccxl
903 1034 1004 1075 dies.
1066 1033 1109 1073 in
1132 1031 1295 1087 capella
1319 1030 1471 1070 beatae
1499 1026 1659 1068 Mariae
1682 1024 1711 1065 ii
1733 1023 1833 1064 anni
1857 1037 1877 1062 s·

341 1108 442 1149 dies.
466 1164 470 1167 ὓ
503 1108 549 1148 111
576 1106 739 1163 capella
764 1104 957 1160 ejusdem
983 1102 1037 1143 ad
1067 1101 1225 1143 ostium
1252 1099 1499 1155 aquilonare
1526 1096 1555 1136 ii
1584 1094 1686 1136 anni
1713 1093 1753 1134 xl
1776 1092 1878 1133 dies.

342 1177 395 1218 ad
417 1177 552 1218 altare
574 1174 712 1217 sancti
733 1174 760 1215 J
765 1172 946 1214 ohannis
966 1171 1183 1227 baptistae
1207 1169 1252 1209 iii
1274 1167 1376 1209 anni
1393 1167 1487 1208 cxlv
1509 1165 1610 1206 dies.
1671 1162 1724 1204 ad
1745 1162 1879 1202 altare

343 1246 479 1288 sancti
501 1244 713 1287 Johannis
739 1241 1028 1298 evangelistae
1050 1240 1080 1281 ii
1102 1238 1204 1280 anni
1228 1253 1308 1278 xxx
1339 1236 1440 1277 dies.
1501 1233 1555 1275 ad
1584 1233 1718 1273 altare
1743 1229 1877 1271 sancti

345 1316 468 1358 Pauli
490 1314 672 1372 apostoli
694 1314 723 1365 ii
746 1313 848 1354 anni
872 1312 912 1352 xl
934 1311 1036 1352 dies.
1097 1309 1151 1350 ad
1173 1308 1307 1349 altare
1325 1305 1461 1347 sancti
1479 1303 1677 1345 Andreae
1699 1299 1880 1356 apostoli

344 1386 373 1426 ii
400 1385 501 1426 anni
530 1400 613 1425 xxx
640 1383 742 1424 dies.
802 1381 856 1422 ad
881 1380 1016 1421 altare
1045 1377 1181 1419 sancti
1208 1376 1398 1417 Thomae
1425 1371 1625 1427 martyris
1653 1370 1683 1411 ii
1709 1368 1811 1410 anni
1840 1368 1881 1408 xl

343 1454 445 1496 dies.
491 1453 545 1494 ad
567 1453 702 1494 altare
725 1449 868 1492 feretri
892 1448 1029 1489 sancti
1052 1444 1249 1488 Edwardi
1273 1444 1314 1485 iv
1336 1443 1437 1484 anni
1459 1457 1504 1483 cc
1525 1440 1627 1482 dies.
1678 1439 1731 1480 ad
1748 1439 1882 1479 altare

343 1523 481 1565 sancti
513 1520 732 1564 Dunstani
764 1519 794 1561 ii
826 1518 928 1559 anni
960 1518 1030 1558 lxv
1062 1515 1163 1557 dies.
1213 1514 1267 1555 ad
1299 1513 1434 1554 altare
1462 1510 1600 1552 sancti
1629 1508 1806 1550 Martini
1836 1507 1883 1548 iii
1926 1519 1941 1547 5

344 1593 457 1635 anni.
518 1591 571 1633 ad
613 1591 748 1631 altare
785 1587 923 1630 sancti
957 1584 1157 1627 Nicholai
1195 1584 1242 1625 iii
1278 1582 1380 1624 anni
1417 1582 1459 1622 lx
1493 1580 1594 1622 dies.
1655 1578 1709 1619 ad
1749 1578 1883 1619 altare

345 1661 482 1704 sancti
505 1659 638 1702 Blasii
661 1659 708 1700 iii
730 1658 832 1700 anni
856 1673 909 1698 xx
927 1656 1028 1697 dies.
1081 1654 1135 1695 ad
1156 1654 1292 1695 altare
1313 1651 1451 1693 sancti
1473 1648 1697 1691 Benedicti
1715 1645 1885 1687 abbatis

346 1733 392 1774 iii
414 1731 516 1774 anni
538 1746 622 1772 xxx
644 1729 746 1771 dies.
808 1728 852 1769 in
883 1727 1046 1782 capella
1074 1730 1246 1767 sanctae
1278 1720 1513 1763 Katerinae
1543 1719 1573 1760 ii
1595 1717 1696 1759 anni
1719 1717 1760 1758 lx
1782 1715 1884 1757 dies.

347 1803 391 1844 in
412 1802 576 1858 capella
597 1805 768 1842 sanctae
791 1799 943 1839 Annae
966 1797 996 1838 ii
1018 1795 1131 1837 anni.
1207 1794 1259 1835 ad
1286 1793 1421 1834 altare
1443 1796 1616 1832 sanctae
1639 1788 1832 1829 Helenae
1855 1785 1884 1826 ii

347 1871 449 1913 anni
471 1887 553 1912 xxx
576 1870 677 1911 dies.

433 1939 641 1995 Sequitur
661 1938 714 1980 de
736 1935 1019 1993 indulgentiis
1047 1932 1255 1976 concessis
1283 1931 1338 1972 ad
1359 1928 1649 1987 pulsationem
1672 1924 1885 1982 ignitegii.

347 2008 546 2050 omnibus
572 2022 669 2049 vere
697 2005 898 2047 confessis
924 2010 968 2045 et
993 2002 1200 2051 contritis,
1222 2000 1296 2057 qui
1325 1999 1379 2040 ad
1407 1998 1567 2039 dictam
1598 1994 1885 2051 pulsationem

349 2078 470 2120 flexis
490 2077 674 2134 genibus
695 2076 849 2117 devote
871 2073 1060 2115 dixerint
1087 2078 1093 2092 ‘
1114 2072 1207 2113 Ave
1230 2069 1390 2118 Marias
1414 2067 1456 2108 vi
1477 2066 1578 2108 anni
1602 2080 1705 2106 ccxx
1727 2063 1828 2104 dies.

435 2149 550 2190 Item
575 2145 873 2202 indulgentiae
899 2157 1120 2185 concessae
1147 2139 1369 2182 orantibus
1391 2138 1544 2179 devote
1566 2150 1642 2192 pro
1663 2132 1886 2175 defunctis.

346 2233 422 2274 pro
457 2217 602 2258 anima
637 2215 749 2272 regis
786 2212 958 2256 Seberti
995 2227 1073 2253 cxx
1110 2210 1212 2251 dies.
1272 2223 1348 2264 pro
1384 2206 1528 2248 anima
1560 2204 1673 2260 regis
1710 2202 1925 2244 Ηο1111012

348 2286 468 2329 tertii
503 2301 526 2326 v
568 2285 669 2326 anni
702 2284 792 2325 ccxl
829 2282 930 2323 dies.
992 2295 1068 2336 pro
1105 2278 1249 2319 anima
1284 2276 1397 2332 regis
1430 2272 1627 2316 Edwardi
1662 2271 1741 2312 filii
1777 2270 1890 2326 regis

350 2354 528 2397 Henrici
555 2353 686 2403 tertii,
709 2360 759 2394 ut
787 2351 1001 2399 scribitur,
1029 2346 1198 2390 cclxxiii
1227 2345 1329 2387 anni
1361 2344 1450 2386 cclv
1483 2342 1585 2383 dies.
1646 2356 1722 2397 pro
1747 2339 1890 2380 anima

350 2424 577 2465 Alianorae
618 2422 792 2479 reginae
835 2436 859 2461 v
900 2418 1002 2461 anni
1043 2432 1144 2459 ccxv
1192 2415 1293 2456 dies.
1372 2428 1447 2469 pro
1487 2411 1632 2453 anima
1673 2407 1890 2450 Edmundi

349 2493 518 2535 comitis
547 2491 823 2534 Lancastriae
849 2490 921 2531 dlx
951 2488 1054 2529 dies.
1114 2501 1190 2541 pro
1211 2484 1356 2525 anima
1380 2480 1585 2523 Willelmi
1611 2480 1664 2521 de
1687 2477 1891 2520 Valencia

1904 1174 1940 1194 10

350 2563 520 2606 comitis
541 2563 593 2605 de
621 2562 859 2604 Pembroke
888 2575 909 2601 0
938 2559 1040 2600 dies.
1102 2571 1177 2612 pro
1203 2554 1347 2596 anima
1373 2551 1585 2594 Johannis
1612 2550 1665 2591 de
1688 2547 1891 2589 Valencia
1912 2559 1952 2589 30

351 2633 429 2674 filii
462 2632 655 2688 ejusdem
683 2632 748 2672 clx
775 2631 877 2671 dies.
939 2643 1014 2684 pro
1045 2626 1190 2668 anima
1214 2623 1378 2666 domini
1406 2620 1587 2663 Walteri
1613 2619 1665 2660 de
1698 2617 1891 2666 Wenlok,

353 2701 568 2758 quondam
590 2700 760 2742 abbatis
782 2699 911 2755 hujus
934 2697 1025 2746 loci,
1048 2703 1091 2737 et
1113 2710 1188 2751 pro
1205 2693 1431 2735 animabus
1453 2692 1633 2732 fratrum
1656 2686 1891 2729 Alexandri

353 2770 406 2812 de
439 2770 679 2819 Perschora,
712 2767 901 2823 Philippi
934 2764 1160 2812 Bristwell,
1191 2761 1390 2818 Hugonis
1423 2758 1662 2815 Papworth,
1686 2755 1891 2797 Willelmi

355 2839 526 2888 Hasele,
558 2838 653 2880 Ade
686 2838 739 2878 de
775 2835 1019 2884 Londonia;
1059 2839 1103 2874 et
1139 2847 1215 2889 pro
1247 2829 1473 2872 animabus
1504 2826 1697 2869 omnium
1729 2839 1891 2880 regum,

353 2908 597 2964 reginarum
620 2907 887 2962 aliorumque
906 2903 1115 2946 nobilium
1138 2908 1183 2943 et
1205 2900 1398 2943 omnium
1415 2898 1623 2940 abbatum
1645 2902 1689 2937 et
1712 2896 1891 2936 fratrum

354 2979 483 3034 hujus
512 2978 602 3027 loci,
633 2984 875 3034 parentum,
903 2975 1150 3023 amicorum,
1178 2972 1500 3013 benefactorum
1538 2982 1697 3016 eorum,
1728 2980 1776 3007 ac
1813 2966 1892 3005 fra-

354 3055 470 3090 trum
492 3054 537 3089 et
565 3062 755 3089 sororum
779 3061 925 3088 eorum
955 3043 1162 3100 capituli3
1194 3048 1238 3084 et
1267 3056 1341 3097 pro
1370 3038 1596 3081 animabus
1625 3035 1817 3077 omnium
1850 3035 1894 3075 in

355 3118 433 3159 hoc
454 3116 712 3158 monasterio
743 3114 1060 3172 quiescentium
1083 3118 1126 3153 et
1153 3110 1346 3153 omnium
1374 3108 1567 3149 fidelium
1594 3106 1893 3147 defunctorum

355 3187 507 3228 devote
530 3185 756 3234 oraverint,
779 3200 860 3225 xxv
883 3183 985 3224 anni
1007 3198 1085 3224 cxx
1108 3182 1210 3223 dies.

964 3266 1004 3296 27
1029 3263 1121 3294 ccclv
1138 3262 1209 3293 dies
1227 3263 1285 3301 Sp.

1914 2905 1952 2935 35
