2385 3891
235 548 356 588 [XVI]
402 547 475 579 The

236 592 370 632 dignity
387 592 423 623 of

237 635 294 666 the
311 636 446 666 Roman

237 679 385 710 Church.

238 1095 288 1126 Its
304 1104 417 1126 conse·

237 1138 369 1170 cration
385 1137 429 1178 by

239 1182 299 1214 SS.
317 1182 417 1212 Peter

238 1225 307 1256 and
324 1225 418 1256 Paul.

240 1442 492 1478 VVestminster,

240 1486 298 1517 the
316 1485 441 1526 special

240 1529 331 1560 child
348 1530 383 1560 of

240 1573 347 1604 Rome
360 1587 367 1611 ;

521 412 583 462 76
826 411 1009 460 Flete’s
1044 408 1268 472 History
1306 409 1372 471 of
1408 407 1471 455 W
1467 406 1755 457 estminster

608 537 728 578 Licet
750 537 910 592 ubique
932 552 957 576 a
979 534 1141 577 Christi
1162 534 1363 575 fidelibus
1385 540 1533 575 sancta
1555 539 1693 574 mater
1715 532 1892 574 ecclesia
1913 531 2055 588 dignis

519 607 734 663 obsequiis
775 607 1008 647 honoretur
1047 619 1096 645 ac
1136 604 1284 645 debita
1325 603 1552 645 devotione
1596 609 1834 652 veneretur,
1872 602 2056 643 maxime

520 687 665 718 tamen
695 676 871 717 ecclesia
893 676 1098 723 Romana,
1116 688 1224 729 quae
1251 679 1381 729 caput
1410 673 1603 714 omnium
1625 672 1862 713 dinoscitur
1890 670 2056 713 ecclesi-

520 761 654 794 arum,
668 744 894 800 dignitatis
909 749 953 784 et
970 742 1139 784 honoris
1157 742 1311 783 merito
1329 756 1429 798 prae
1447 741 1599 783 ceteris
1616 747 1738 782 tenet
1752 740 2056 796 principatum.

521 815 635 857 unde
656 814 804 856 scribit
826 813 1022 855 Gelasius
1044 827 1156 868 papa
1172 811 1328 861 dicens,
1347 811 1506 852 Sancta
1528 811 1721 851 Romana
1737 810 1913 851 ecclesia
1929 809 2059 850 nullis
2079 827 2095 856 5

521 883 733 939 synodicis
749 881 999 924 constitutis
1015 881 1169 922 ceteris
1186 879 1374 921 ecclesiis
1391 879 1584 935 praelata
1600 885 1665 920 est
1683 896 1690 928 ;
1723 879 1797 920 sed
1814 878 2060 934 evangelica

522 969 621 995 voce
650 953 812 994 domini
842 951 1065 993 salvatoris
1093 950 1228 992 nostri
1256 950 1491 1006 primatum
1525 949 1669 990 tenuit
1695 948 1889 996 dicentis,
1918 948 1982 988 Tu
2016 962 2059 988 es

524 1024 676 1065 Petrus
701 1028 746 1064 et
776 1037 904 1078 super
928 1021 1037 1062 hanc
1065 1026 1232 1077 petram
1262 1019 1494 1061 aedificabo
1523 1018 1743 1060 ecclesiam
1772 1033 1923 1059 meam.
1990 1016 2058 1058 cui

521 1098 667 1134 sancto
692 1092 817 1134 Petro
839 1091 941 1133 data
963 1097 1028 1133 est
1050 1090 1230 1132 societas
1251 1089 1489 1131 beatissimi
1518 1089 1639 1130 Pauli
1663 1088 1857 1144 apostoli,
1879 1087 1953 1143 qui
1975 1101 2060 1128 non

521 1162 687 1203 diverso
714 1162 787 1203 sed
817 1176 902 1202 uno
934 1167 1126 1216 tempore
1156 1160 1391 1215 eodemque
1420 1159 1489 1200 die
1521 1158 1566 1199 in
1598 1158 1702 1200 urbe
1735 1158 1931 1199 Romana
1963 1171 2059 1197 cum
2084 1172 2121 1192 ιο

524 1232 650 1272 Petro
681 1231 761 1272 sub
793 1231 974 1272 Caesare
1007 1230 1179 1271 Nerone
1211 1228 1440 1284 agonizans
1471 1233 1697 1269 coronatus
1728 1233 1805 1276 est,
1826 1232 1871 1267 et
1901 1224 2063 1282 pariter

522 1300 785 1356 praedictam
818 1301 1056 1341 Romanam
1089 1298 1309 1340 ecclesiam
1342 1297 1515 1340 Christo
1546 1296 1718 1338 domino
1749 1300 2062 1344 consecrarunt,

523 1386 571 1412 00
593 1370 745 1412 ceteris
762 1369 939 1412 urbibus
957 1369 1166 1410 universis
1183 1383 1260 1410 sua
1276 1367 1481 1424 corporali
1497 1365 1742 1423 praesentia
1757 1381 1805 1406 ac
1822 1364 2062 1406 venerando

524 1438 744 1495 triumpho
774 1438 1084 1495 praetulerunt.
1146 1437 1269 1492 cujus
1304 1437 1393 1478 filia
1424 1436 1620 1493 specialis
1652 1434 1854 1476 videlicet
1886 1433 2063 1475 ecclesia

526 1507 996 1550 westmonasteriensis
1026 1507 1081 1548 ab
1122 1506 1321 1548 omnibus
1354 1505 1620 1554 christicolis,
1653 1511 1697 1546 et
1738 1504 1966 1561 praecipue
2008 1503 2062 1544 ab
2085 1518 2120 1547 15

525 1579 763 1634 Anglorum
786 1577 966 1633 populis,
989 1584 1195 1632 tanquam
1223 1577 1441 1618 Romanae
1468 1576 1669 1617 ecelesiae
1691 1573 1941 1615 immediate
1963 1573 2062 1614 sub-

240 1661 463 1692 consecrated
521 1647 638 1702 jecta
666 1646 795 1702 digne
822 1645 980 1687 meruit
1010 1645 1214 1695 venerari,
1236 1651 1332 1687 tum
1358 1645 1459 1701 quia
1487 1645 1641 1686 beatus
1671 1644 1825 1685 Petrus
1850 1643 2061 1683 caelorum

243 1707 283 1745 by
302 1706 340 1736 St
356 1704 455 1736 Peter
469 1716 476 1741 ;

242 1795 299 1826 the
316 1805 426 1826 crown
447 1794 483 1825 of

244 1838 406 1878 England
419 1851 426 1875 ;

244 1927 308 1965 (Cf.
326 1937 358 1968 p.
377 1928 442 1964 49.)

242 2072 392 2104 restored
409 2073 452 2112 by

243 2118 283 2149 St
300 2116 458 2148 Edward.

244 2217 295 2248 Cf.
313 2216 384 2247 Ric.

243 2261 401 2291 Circestr.

243 2314 269 2334 11
287 2305 350 2336 267

243 2347 345 2388 [from
362 2345 486 2385 Aih=ed,

245 2390 378 2430 Twysd.
396 2390 460 2421 col.

245 2435 334 2474 384}

245 2562 294 2593 Its
312 2561 432 2593 earlier

246 2608 340 2646 story

244 2648 412 2688 repeated.

526 1715 647 1772 regni
683 1715 870 1771 claviger
910 1715 954 1755 in
991 1714 1147 1769 spiritu
1181 1713 1408 1763 dedicavit,
1442 1719 1535 1755 tum
1579 1712 1681 1768 quia
1717 1711 1838 1767 regni
1880 1710 2064 1766 Angliae

527 1784 698 1826 exstitit
746 1800 910 1833 corona,
947 1790 996 1825 ut
1044 1783 1089 1824 in
1133 1784 1252 1825 bulla
1293 1783 1536 1825 Innocentii
1580 1782 1757 1824 secundi
1804 1782 1934 1823 missa
1974 1781 2065 1837 regi

529 1853 716 1895 Henrico
747 1853 796 1894 iiO
829 1853 1030 1895 scribitur
1061 1853 1104 1893 in
1137 1853 1204 1894 his
1230 1853 1392 1894 verbis:
1426 1853 1488 1894 Ea
1516 1858 1702 1909 propter,
1723 1851 1784 1892 fili
1813 1850 2065 1892 venerande.
2085 1865 2125 1886 20

527 1929 571 1964 et
617 1923 751 1964 infra:
800 1922 1033 1964 Ecclesiam
1081 1923 1319 1978 praefatam
1367 1928 1572 1978 tanquam
1627 1927 1800 1963 sanctae
1847 1921 2065 1961 Romanae

527 1992 727 2034 ecclesiae
764 1992 896 2033 filiam
935 1991 1175 2048 specialem,
1212 2007 1321 2047 quae
1359 1991 1425 2033 tui
1462 1991 1584 2047 regni
1622 1996 1764 2032 exstat
1800 2004 1975 2039 corona3
2016 1995 2066 2030 ut

527 2076 656 2117 supra
686 2061 876 2116 capitulo
905 2061 1100 2117 septimo.
1164 2075 1312 2101 verum
1342 2060 1472 2101 etiam
1500 2060 1602 2115 quia
1629 2066 1802 2101 sanctus
1832 2058 2066 2100 Edwardus

528 2146 627 2186 prae
650 2131 828 2172 caeteris
850 2145 959 2186 quae
981 2130 1108 2171 beato
1127 2130 1254 2171 Petro
1270 2144 1346 2185 per
1362 2129 1567 2185 Angliam
1589 2135 1833 2170 consecrata
1853 2134 1955 2169 sunt
1977 2129 2067 2169 loca

528 2200 642 2241 1111110
682 2200 952 2256 potissimum
996 2199 1327 2241 restaurandum
1371 2199 1514 2254 elegit,
1555 2198 1657 2254 quia
1697 2213 1782 2239 non
1830 2198 1978 2239 solum.
2016 2203 2066 2238 ut
2086 2212 2124 2242 25

528 2284 657 2325 supra
677 2269 878 2318 diximus,
900 2268 1095 2310 caelestis
1118 2267 1294 2309 visionis
1320 2268 1500 2316 oraculo,
1522 2267 1596 2308 sed
1619 2267 1751 2308 etiam
1773 2265 2064 2322 antiquissimi

528 2338 808 2379 attestatione
842 2337 1048 2386 miraculi,
1076 2337 1210 2378 istum
1240 2336 1279 2377 ei
1307 2336 1460 2377 didicit
1489 2351 1590 2392 prae
1622 2336 1821 2377 omnibus
1850 2335 2065 2377 cariorem.

530 2408 633 2448 haec
674 2422 724 2448 ex
767 2407 950 2463 Speculo
992 2406 1143 2462 Regali
1185 2406 1237 2447 de
1274 2405 1409 2462 gestis
1446 2421 1595 2461 regum
1632 2404 1829 2461 Angliae,
1861 2404 1968 2446 libro
2004 2404 2064 2444 iv⁰

529 2477 718 2533 capitulo
749 2492 832 2517 xxv
863 2476 908 2517 in
939 2476 1035 2517 fine.

618 2548 703 2600 Qui
727 2548 842 2589 locus
865 2554 1057 2602 tempore
1080 2546 1202 2587 Lucii
1225 2545 1336 2602 regis
1359 2545 1588 2586 Britonum
1615 2544 1743 2601 primi
1769 2543 1992 2585 christiani
2014 2543 2067 2584 ad
2088 2559 2129 2589 30

530 2618 732 2659 honorem
774 2617 843 2658 dei
886 2616 1091 2658 fundatus
1128 2621 1193 2657 est
1236 2621 1279 2657 et
1320 2621 1603 2665 consecratus
1640 2621 1770 2670 atque
1812 2614 1865 2655 ad
1906 2613 2067 2669 regiam

530 2687 796 2743 sepulturam
830 2686 1126 2742 regaliumque
1155 2685 1456 2741 repositorium
1488 2683 1733 2740 specialiter
1760 2689 1852 2724 erat
1888 2683 2068 2739 deputa-

530 2764 612 2807 tus,
649 2772 696 2798 ac
739 2763 888 2813 postea
924 2755 1183 2797 Diocletiani
1221 2755 1492 2811 imperatoris
1533 2761 1726 2809 tempore
1764 2753 1808 2794 in
1843 2753 2068 2809 profanum

531 2825 744 2882 Apollinis
767 2825 978 2880 templum
1001 2829 1304 2872 commutatus,
1326 2837 1549 2878 quousque
1571 2823 1631 2863 sol
1648 2821 1849 2877 justitiae
1871 2820 2069 2862 dominus

531 2895 670 2936 oriens
704 2910 755 2936 ex
791 2895 879 2935 alto
916 2908 992 2949 per
1024 2907 1194 2934 servum
1229 2907 1355 2933 suum
1388 2891 1685 2948 Augustinum
1718 2890 1908 2945 aliosque
1939 2904 2068 2945 quam
2090 2904 2128 2934 35

531 2964 737 3020 plurimos
761 2963 1014 3005 Ethelberto
1036 2969 1080 3004 et
1103 2963 1284 3004 Seberto
1306 2962 1480 3018 regibus
1508 2960 1740 3017 baptizatis
1761 2975 1809 3001 ac
1831 2959 2069 3015 Anglorum

531 3034 688 3089 populo
720 3032 987 3088 ignorantiae
1019 3031 1208 3073 tenebris
1236 3030 1402 3072 diutius
1434 3030 1670 3072 excaecatis
1700 3029 1896 3071 veritatis
1925 3029 2070 3070 lumen

531 3102 632 3144 fidei
665 3101 922 3143 christianae
957 3101 1180 3143 ostendere
1216 3100 1478 3157 dignaretur.
1539 3099 1614 3155 qui
1647 3099 1821 3155 quidem
1864 3097 2071 3140 Sebertus

600 3210 616 3238 1
641 3207 751 3248 Licet]
790 3207 880 3239 Here
897 3207 926 3238 D
944 3206 1061 3247 begins
1077 3206 1192 3246 again,
1206 3205 1274 3237 and
1289 3215 1368 3245 goes
1385 3214 1429 3236 on
1447 3207 1482 3236 to
1499 3214 1532 3244 p.
1547 3205 1599 3244 90,
1618 3204 1640 3235 1.
1654 3204 1704 3235 14.
1797 3203 1816 3232 2
1839 3203 1999 3233 oneretur
2014 3201 2066 3234 W.

533 3263 553 3291 8
576 3270 636 3292 om.
657 3269 770 3290 meam
787 3258 838 3290 W.
1062 3259 1103 3289 20
1127 3257 1180 3297 ii0]
1197 3258 1369 3296 legendum
1386 3256 1424 3287 i0.
