2385 3891
204 2406 294 2436 XIV.
342 2407 387 2437 Of
401 2406 459 2438 the

204 2450 327 2481 Relics.

502 395 564 440 68
812 391 995 440 Flete's
1030 389 1254 453 History
1292 389 1358 453 of
1393 389 1741 439 Westminstcr

589 517 640 558 In
667 516 845 558 australi
876 514 1106 564 Momonia,
1126 514 1242 555 inter
1268 514 1419 555 collem
1448 513 1586 555 sancti
1612 513 1830 554 Brandani
1852 519 1896 554 et
1925 527 2041 553 mare

505 584 741 640 spatiosum
779 582 888 638 quod
929 580 1186 637 Hispaniam
1220 580 1419 622 interluit
1451 586 1495 621 et
1528 580 1796 629 Hiberniam,
1828 585 1893 621 est
1924 580 2040 621 locus

503 654 678 710 quidam
710 668 795 694 non
826 651 1029 700 modicus,
1051 665 1136 691 uno
1168 665 1220 692 ex
1252 651 1386 691 latere
1419 649 1548 691 fluvio
1579 649 1754 705 piscoso,
1775 649 1910 690 altero
1942 663 2040 689 vero

500 723 685 778 quodam
711 721 849 762 rivulo
875 720 1145 770 interclusus,
1167 719 1241 776 qui
1270 720 1324 760 ob
1348 719 1632 761 reverentiam
1663 717 1798 759 sancti
1823 717 2039 759 Brandani

498 791 765 846 aliorumque
802 789 882 831 loci
923 789 1040 830 illius
1081 793 1326 830 sanctorum
1369 803 1455 829 non
1497 792 1672 828 tantum
1713 787 1959 828 hominibus
1996 793 2039 828 et
2061 808 2077 837 5

497 860 733 917 pecoribus,
755 874 905 900 verum
935 858 1067 900 etiam
1097 858 1202 914 ipsis
1231 858 1329 899 feris
1351 863 1438 899 tam
1463 856 1639 898 advenis
1668 872 1797 913 quam
1825 856 2040 912 indigenis

497 929 713 986 refugium
755 933 948 985 praestat
988 927 1249 977 inauditum,
1290 933 1368 969 etc.
1439 942 1489 968 ex
1531 926 1667 967 altero
1708 925 1788 966 loci
1829 925 2039 982 praedicti

498 1000 630 1041 latere
668 999 825 1040 fluvius
861 997 1057 1039 illabitur
1091 997 1404 1053 piscosissimus
1438 1003 1482 1038 et
1514 996 1743 1052 praecipue
1777 996 2039 1037 salmonibus

497 1069 550 1110 ad
583 1068 836 1110 miraculum
869 1082 1004 1123 usque
1037 1066 1378 1116 fecundissimus,
1404 1071 1482 1108 etc.
1544 1065 1702 1108 fluvius
1732 1065 1814 1107 iste
1845 1066 2038 1107 nativam

497 1138 712 1194 quandam
755 1152 905 1192 rupem
949 1136 1167 1178 transfluit
1215 1142 1260 1178 et
1308 1135 1574 1184 transcurrit,
1617 1134 1691 1176 ubi
1732 1150 1829 1176 cum
1871 1135 2038 1190 impetu

498 1220 653 1261 magno
688 1204 743 1245 ab
779 1204 879 1253 alto,
911 1209 961 1244 ut
997 1203 1166 1251 assolet,
1202 1202 1256 1243 ad
1290 1202 1377 1243 ima
1412 1201 1643 1243 descendit.
1706 1201 1750 1242 in
1787 1201 2038 1243 summitate

497 1274 614 1330 rupis
635 1273 762 1315 istius
788 1278 854 1315 est
876 1272 1042 1314 modica
1070 1271 1280 1328 quaedam
1306 1271 1549 1313 concavitas
1577 1277 1821 1312 sanctorum
1851 1270 2038 1312 virorum

497 1343 696 1385 manibus
718 1343 819 1384 olim
843 1342 1078 1398 exsculpta,
1099 1341 1152 1382 ad
1179 1356 1308 1397 quam
1338 1340 1550 1382 salmones
1578 1340 1819 1382 abundanti
1842 1340 1963 1396 copia
1984 1341 2038 1382 ab

494 1414 592 1455 imis
614 1413 667 1454 ad
689 1428 869 1461 summa,
891 1418 1103 1467 quantum
1128 1411 1276 1453 hastae
1305 1410 1579 1467 longissimae
1609 1417 1674 1452 est
1703 1410 1901 1459 altitudo,
1923 1411 2035 1452 saltu

494 1483 681 1525 mirabili
713 1483 1045 1531 transferuntur,
1076 1487 1133 1531 et,
1164 1480 1246 1522 nisi
1284 1480 1410 1536 piscis
1446 1480 1684 1536 proprietas
1721 1481 1799 1521 hoc
1833 1481 2036 1536 exigeret,

495 1553 699 1595 miraculo
728 1554 836 1594 foret
864 1551 1149 1593 intuentibus.
1202 1551 1280 1592 hoc
1308 1551 1470 1592 etenim
1499 1550 1681 1606 piscium
1710 1566 1848 1607 genus
1876 1552 2034 1592 saltum

496 1621 666 1677 appetit
708 1636 759 1662 ex
800 1626 979 1661 natura:
1025 1619 1140 1660 unde
1182 1624 1226 1660 et
1266 1633 1291 1659 a
1332 1619 1445 1660 saltu
1488 1619 1621 1660 salmo
1663 1633 1819 1659 nomen
1860 1618 2035 1674 accepit.

495 1691 646 1732 modus
671 1696 817 1732 autem
842 1689 1022 1731 saliendi
1045 1695 1088 1730 et
1111 1689 1349 1744 proprietas
1372 1689 1475 1730 haec
1498 1695 1574 1730 est.
1625 1688 1762 1744 pisces
1788 1688 2035 1744 hujusmodi

492 1759 750 1801 naturaliter
780 1773 916 1814 aquae
948 1772 1120 1799 cursum
1153 1757 1517 1806 contranituntur,
1550 1772 1733 1813 cumque
1765 1757 2034 1798 obstaculum

494 1828 723 1869 inveniunt
753 1827 875 1868 valde
904 1831 1199 1882 praeruptum,
1221 1825 1399 1867 caudam
1423 1826 1477 1867 ad
1498 1842 1543 1867 os
1572 1826 1791 1881 replicant,
1815 1826 2030 1868 interdum

492 1896 625 1938 etiam
661 1896 715 1937 ad
754 1895 958 1951 majorem
994 1895 1131 1936 saltus
1163 1894 1392 1936 efficaciam
1425 1895 1606 1936 caudam
1638 1895 1774 1951 ipsam
1811 1910 1881 1937 ore
1922 1911 2033 1937 com-

490 1966 714 2023 primunt;
747 1965 937 2021 dumque
969 1980 994 2006 a
1024 1964 1181 2006 circulo
1223 1965 1520 2021 hujuscemodi
1552 1980 1596 2006 se
1628 1965 1772 2007 subito
1802 1966 2035 2015 resolvunt,

490 2037 657 2092 impetu
680 2035 876 2092 quodam,
899 2041 1106 2091 tanquam
1138 2035 1284 2077 subita
1305 2035 1450 2092 virgae
1479 2035 1709 2076 circulatae
1735 2034 2034 2091 explicatione,

490 2122 534 2148 se
565 2107 619 2148 ab
652 2105 750 2148 imis
781 2106 836 2147 ad
867 2106 957 2147 alta
987 2121 1085 2147 cum
1117 2105 1386 2147 intuentium
1422 2105 1707 2147 admiratione
1739 2106 1864 2161 longe
1898 2111 2033 2147 trans-

490 2175 686 2216 mittunt.
760 2174 912 2216 similis
944 2174 1075 2229 hujus
1105 2174 1234 2230 piscis
1265 2174 1400 2216 saltus
1432 2174 1475 2215 in
1506 2174 1602 2216 aliis
1634 2174 1775 2216 fluviis
1806 2174 2030 2230 reperitur,

490 2244 564 2286 sed
586 2259 672 2285 non
695 2250 856 2286 tantus.

576 2394 830 2450 Capitulum
853 2398 1056 2449 quartum
1078 2393 1292 2434 decimum
1311 2409 1318 2434 ς
1349 2394 1415 2434 De
1438 2393 1640 2450 reliquiis.
1703 2393 1824 2449 Opus
1845 2393 2033 2435 breviter

488 2464 770 2520 compilatum
792 2464 845 2505 de
867 2463 1046 2505 diversis
1067 2462 1259 2518 reliquiis
1282 2463 1381 2504 huic
1403 2463 1605 2505 ecclesiae
1628 2463 1793 2505 collatis
1814 2478 1890 2519 per
1912 2479 2032 2520 reges

489 2540 533 2574 et
550 2533 766 2590 principes
783 2533 888 2575 alios
905 2548 1074 2589 quoque
1091 2533 1256 2574 nobiles
1274 2550 1281 2574 :
1311 2548 1474 2574 necnon
1492 2533 1544 2574 de
1561 2533 1779 2574 beneficiis
1796 2533 2030 2589 spirituali—

488 2605 568 2646 bus
590 2610 634 2646 et
656 2604 940 2660 indulgentiis
962 2603 1122 2646 eisdem
1145 2603 1363 2645 concessis.

576 2697 685 2738 Vere
708 2697 824 2737 locus
846 2696 928 2737 iste
950 2696 1105 2737 beatus
1126 2694 1170 2736 in
1193 2710 1288 2751 quo,
1309 2700 1359 2736 ut
1381 2695 1646 2750 praedicitur
1670 2694 1872 2752 capitulis
1893 2695 2030 2751 primo

488 2773 533 2808 et
565 2766 730 2822 quinto,
767 2765 971 2807 subverso
1012 2764 1228 2820 Apollinis
1270 2765 1432 2821 templo
1474 2765 1517 2806 in
1560 2765 1717 2806 honore
1758 2764 1875 2806 beati
1913 2765 2029 2806 Petri

487 2833 668 2890 apostoli
692 2833 938 2889 sumptibus
967 2832 1138 2875 Seberti
1161 2832 1273 2888 regis
1302 2832 1575 2874 orientalium
1607 2833 1825 2874 Saxonum
1855 2832 2030 2874 ecclesia

555 2928 571 2957 1
596 2926 723 2957 Brend.
743 2926 787 2957 Gi
805 2925 847 2967 (et
867 2927 985 2966 ἰηῙΓα).
1165 2926 1184 2956 4
1208 2926 1318 2957 rivulo
1335 2926 1486 2966 quodam
1504 2926 1659 2957 inclusus
1676 2926 1730 2957 Gi.
1909 2926 1927 2957 7
1952 2927 2029 2965 etc]

489 2980 529 3010 14
546 2979 633 3010 lines
650 2978 805 3010 omitted.
983 2980 1002 3010 9
1026 2979 1106 3019 etc.]
1124 2979 1164 3009 13
1181 2978 1270 3010 lines
1287 2978 1442 3010 omitted.
1613 2978 1769 3010 nativum
1787 2976 1958 3017 quendam
1975 2977 2027 3008 W.

490 3032 529 3061 13
556 3028 926 3070 abundantiJ÷in-Gi.
1175 3030 1214 3060 14
1240 3040 1413 3062 summam
1430 3030 1483 3062 W.
1705 3030 1744 3061 15
1768 3040 1827 3061 om.
1852 3028 1956 3069 piscis
1972 3029 2023 3061 W.

490 3082 529 3113 16
554 3081 760 3112 miraculoso
780 3080 851 3122 (om.
873 3081 960 3112 foret
976 3080 1206 3123 intuentibus)
1226 3081 1281 3113 Gi.
1400 3083 1440 3114 19
1464 3092 1524 3113 om.
1543 3081 1748 3113 naturaliter
1764 3081 1818 3112 W.
1908 3082 2028 3112 contra

489 3133 661 3170 nitentem
687 3133 776 3164 sicut
793 3132 887 3164 enim
903 3133 1022 3164 avibus
1039 3135 1160 3164 contra
1176 3133 1291 3170 flatus,
1311 3134 1358 3165 sic
1380 3136 1414 3165 et
1431 3133 1581 3173 piscibus
1604 3136 1725 3165 contra
1741 3133 1867 3164 fluctus
1883 3143 1958 3164 mos
1976 3135 2027 3165 est

489 3185 596 3222 eniti;
631 3195 709 3216 cum
739 3185 793 3216 Gi.
956 3186 998 3217 20
1031 3184 1221 3225 preruptim
1249 3185 1302 3217 W.
1460 3187 1501 3217 25
1535 3186 1643 3217 saltus
1670 3185 1707 3216 in
1732 3185 1809 3217 aliis
1836 3185 1964 3225 fluviis]
1990 3185 2026 3216 in

488 3237 732 3276 Avenliphensi
750 3237 853 3268 fluvio
870 3247 939 3269 non
957 3237 1076 3278 procul
1093 3247 1113 3269 a
1130 3236 1295 3268 Dublinia
1312 3237 1422 3268 saltus
1439 3237 1494 3269 Gi.
1606 3238 1646 3270 27
1671 3236 1946 3277 reliquiis]÷etc.
1966 3237 2021 3276 Sp.

2064 1153 2100 1174 10

2060 1500 2095 1530 ¹5

2056 1846 2096 1867 20

2054 2193 2092 2223 ²5

2051 2619 2091 2649 30
