<?xml version="1.0" encoding="UTF-8"?>
<!DOCTYPE html PUBLIC "-//W3C//DTD XHTML 1.0 Transitional//EN"
    "http://www.w3.org/TR/xhtml1/DTD/xhtml1-transitional.dtd">
<html xmlns="http://www.w3.org/1999/xhtml" xml:lang="en" lang="en">
 <head>
  <title>
</title>
<meta http-equiv="Content-Type" content="text/html;charset=utf-8" />
  <meta name='ocr-system' content='tesseract 3.04.00' />
  <meta name='ocr-capabilities' content='ocr_page ocr_carea ocr_par ocr_line ocrx_word'/>
</head>
<body>
  <div class='ocr_page' id='page_1' title='image "./historyofwestmin00flet_0101.png"; bbox 0 0 2385 3891; ppageno 0'>
   <div class='ocr_carea' id='block_1_1' title="bbox 78 830 266 948">
    <p class='ocr_par' dir='ltr' id='par_1_1' title="bbox 78 830 266 948">
     <span class='ocr_line' id='line_1_1' title="bbox 79 830 266 867; baseline -0.011 -6"><span class='ocrx_word' id='word_1_1' title='bbox 79 830 131 861; x_wconf 83' lang='lat' dir='ltr'>He</span> <span class='ocrx_word' id='word_1_2' title='bbox 146 831 266 867; x_wconf 77' lang='lat' dir='ltr'>grants</span> 
     </span>
     <span class='ocr_line' id='line_1_2' title="bbox 78 881 220 904; baseline -0.014 0"><span class='ocrx_word' id='word_1_3' title='bbox 78 881 220 904; x_wconf 82' lang='lat' dir='ltr'>rumous</span> 
     </span>
     <span class='ocr_line' id='line_1_3' title="bbox 79 917 229 948; baseline -0.02 0"><span class='ocrx_word' id='word_1_4' title='bbox 79 917 229 948; x_wconf 78' lang='lat' dir='ltr'>leases—</span> 
     </span>
    </p>
   </div>
   <div class='ocr_carea' id='block_1_2' title="bbox 79 1250 343 1465">
    <p class='ocr_par' dir='ltr' id='par_1_2' title="bbox 79 1250 343 1465">
     <span class='ocr_line' id='line_1_4' title="bbox 79 1250 318 1283; baseline -0.013 0"><span class='ocrx_word' id='word_1_5' title='bbox 79 1252 114 1283; x_wconf 81' lang='lat' dir='ltr'>of</span> <span class='ocrx_word' id='word_1_6' title='bbox 128 1250 267 1282; x_wconf 82' lang='lat' dir='ltr'>chelsea</span> <span class='ocrx_word' id='word_1_7' title='bbox 283 1251 318 1281; x_wconf 85' lang='lat' dir='ltr'>to</span> 
     </span>
     <span class='ocr_line' id='line_1_5' title="bbox 79 1293 294 1330; baseline -0.009 -4"><span class='ocrx_word' id='word_1_8' title='bbox 79 1294 133 1326; x_wconf 86' lang='lat' dir='ltr'>his</span> <span class='ocrx_word' id='word_1_9' title='bbox 149 1293 294 1330; x_wconf 86' lang='lat' dir='ltr'><strong>mother,</strong></span> 
     </span>
     <span class='ocr_line' id='line_1_6' title="bbox 81 1337 313 1377; baseline -0.013 -7"><span class='ocrx_word' id='word_1_10' title='bbox 81 1337 137 1377; x_wconf 81' lang='lat' dir='ltr'>(cf.</span> <span class='ocrx_word' id='word_1_11' title='bbox 158 1337 313 1368; x_wconf 84' lang='lat' dir='ltr'>‘Domes-</span> 
     </span>
     <span class='ocr_line' id='line_1_7' title="bbox 80 1379 343 1421; baseline -0.015 -8"><span class='ocrx_word' id='word_1_12' title='bbox 80 1381 158 1421; x_wconf 79' lang='lat' dir='ltr'>day&#39;</span> <span class='ocrx_word' id='word_1_13' title='bbox 176 1381 200 1412; x_wconf 83' lang='lat' dir='ltr'>f.</span> <span class='ocrx_word' id='word_1_14' title='bbox 218 1381 290 1417; x_wconf 87' lang='lat'>117,</span> <span class='ocrx_word' id='word_1_15' title='bbox 308 1379 343 1410; x_wconf 88' lang='lat' dir='ltr'>in</span> 
     </span>
     <span class='ocr_line' id='line_1_8' title="bbox 80 1423 305 1465; baseline -0.013 -9"><span class='ocrx_word' id='word_1_16' title='bbox 80 1435 99 1456; x_wconf 74' lang='lat' dir='ltr'>a</span> <span class='ocrx_word' id='word_1_17' title='bbox 115 1424 182 1456; x_wconf 73' lang='lat' dir='ltr'>late</span> <span class='ocrx_word' id='word_1_18' title='bbox 197 1423 305 1465; x_wconf 83' lang='lat' dir='ltr'>hand)</span> 
     </span>
    </p>
   </div>
   <div class='ocr_carea' id='block_1_3' title="bbox 84 2153 346 2368">
    <p class='ocr_par' dir='ltr' id='par_1_3' title="bbox 84 2153 319 2186">
     <span class='ocr_line' id='line_1_9' title="bbox 84 2153 319 2186; baseline -0.009 0"><span class='ocrx_word' id='word_1_19' title='bbox 84 2153 152 2186; x_wconf 79' lang='lat' dir='ltr'>and</span> <span class='ocrx_word' id='word_1_20' title='bbox 168 2153 203 2185; x_wconf 79' lang='lat' dir='ltr'>of</span> <span class='ocrx_word' id='word_1_21' title='bbox 219 2153 319 2185; x_wconf 88' lang='lat' dir='ltr'>other</span> 
     </span>
    </p>

    <p class='ocr_par' dir='ltr' id='par_1_4' title="bbox 85 2207 224 2229">
     <span class='ocr_line' id='line_1_10' title="bbox 85 2207 224 2229; baseline 0 -1"><span class='ocrx_word' id='word_1_22' title='bbox 85 2207 224 2229; x_wconf 81' lang='lat' dir='ltr'>mauors</span> 
     </span>
    </p>

    <p class='ocr_par' dir='ltr' id='par_1_5' title="bbox 85 2240 346 2325">
     <span class='ocr_line' id='line_1_11' title="bbox 85 2240 316 2316; baseline -0.004 -44"><span class='ocrx_word' id='word_1_23' title='bbox 85 2240 141 2316; x_wconf 52' lang='lat' dir='ltr'>ges.</span> <span class='ocrx_word' id='word_1_24' title='bbox 161 2241 316 2272; x_wconf 83' lang='lat' dir='ltr'>‘Domes-</span> 
     </span>
     <span class='ocr_line' id='line_1_12' title="bbox 107 2283 346 2325; baseline -0.008 -9"><span class='ocrx_word' id='word_1_25' title='bbox 107 2283 165 2325; x_wconf 79' lang='lat' dir='ltr'>ay’</span> <span class='ocrx_word' id='word_1_26' title='bbox 182 2283 206 2314; x_wconf 85' lang='lat' dir='ltr'>f.</span> <span class='ocrx_word' id='word_1_27' title='bbox 221 2284 293 2322; x_wconf 89' lang='grc'><strong>134,</strong></span> <span class='ocrx_word' id='word_1_28' title='bbox 309 2284 346 2315; x_wconf 90' lang='lat' dir='ltr'>in</span> 
     </span>
    </p>

    <p class='ocr_par' dir='ltr' id='par_1_6' title="bbox 85 2327 325 2368">
     <span class='ocr_line' id='line_1_13' title="bbox 85 2327 325 2368; baseline 0.004 -10"><span class='ocrx_word' id='word_1_29' title='bbox 85 2337 105 2359; x_wconf 79' lang='lat' dir='ltr'>a</span> <span class='ocrx_word' id='word_1_30' title='bbox 120 2327 188 2358; x_wconf 80' lang='lat' dir='ltr'>late</span> <span class='ocrx_word' id='word_1_31' title='bbox 204 2327 325 2368; x_wconf 81' lang='lat' dir='ltr'>hand).</span> 
     </span>
    </p>
   </div>
   <div class='ocr_carea' id='block_1_4' title="bbox 874 422 1898 483">
    <p class='ocr_par' dir='ltr' id='par_1_7' title="bbox 874 422 1898 483">
     <span class='ocr_line' id='line_1_14' title="bbox 874 422 1898 483; baseline -0.007 -9"><span class='ocrx_word' id='word_1_32' title='bbox 874 425 936 473; x_wconf 88' lang='lat' dir='ltr'><em>H</em></span> <span class='ocrx_word' id='word_1_33' title='bbox 933 426 1110 483; x_wconf 74' lang='lat' dir='ltr'>erbert,</span> <span class='ocrx_word' id='word_1_34' title='bbox 1155 425 1374 472; x_wconf 57' lang='lat' dir='ltr'>(ierrase</span> <span class='ocrx_word' id='word_1_35' title='bbox 1835 422 1898 468; x_wconf 78' lang='lat'>89</span> 
     </span>
    </p>
   </div>
   <div class='ocr_carea' id='block_1_5' title="bbox 358 545 1911 3298">
    <p class='ocr_par' dir='ltr' id='par_1_8' title="bbox 358 545 1900 800">
     <span class='ocr_line' id='line_1_15' title="bbox 359 545 1899 605; baseline -0.003 -15"><span class='ocrx_word' id='word_1_36' title='bbox 359 549 585 605; x_wconf 86' lang='lat' dir='ltr'>dignitate,</span> <span class='ocrx_word' id='word_1_37' title='bbox 616 549 784 591; x_wconf 84' lang='lat' dir='ltr'>donare.</span> <span class='ocrx_word' id='word_1_38' title='bbox 846 550 955 591; x_wconf 90' lang='lat' dir='ltr'>hanc</span> <span class='ocrx_word' id='word_1_39' title='bbox 987 550 1133 605; x_wconf 84' lang='lat' dir='ltr'>itaque</span> <span class='ocrx_word' id='word_1_40' title='bbox 1165 548 1477 590; x_wconf 72' lang='lat' dir='ltr'>concessionem</span> <span class='ocrx_word' id='word_1_41' title='bbox 1510 554 1646 588; x_wconf 87' lang='lat' dir='ltr'>ratam</span> <span class='ocrx_word' id='word_1_42' title='bbox 1680 545 1899 592; x_wconf 86' lang='lat' dir='ltr'>habemus,</span> 
     </span>
     <span class='ocr_line' id='line_1_16' title="bbox 358 617 1898 674; baseline -0.004 -14"><span class='ocrx_word' id='word_1_43' title='bbox 358 618 669 667; x_wconf 86' lang='lat' dir='ltr'>confirmamus,</span> <span class='ocrx_word' id='word_1_44' title='bbox 701 625 745 660; x_wconf 91' lang='lat' dir='ltr'>et</span> <span class='ocrx_word' id='word_1_45' title='bbox 781 619 1037 660; x_wconf 83' lang='lat' dir='ltr'>auctoritate</span> <span class='ocrx_word' id='word_1_46' title='bbox 1074 634 1159 674; x_wconf 82' lang='lat' dir='ltr'>qua</span> <span class='ocrx_word' id='word_1_47' title='bbox 1189 617 1533 674; x_wconf 76' lang='lat' dir='ltr'>praeeminemus</span> <span class='ocrx_word' id='word_1_48' title='bbox 1565 621 1774 671; x_wconf 88' lang='lat' dir='ltr'>perpetuo</span> <span class='ocrx_word' id='word_1_49' title='bbox 1805 628 1898 669; x_wconf 87' lang='lat' dir='ltr'>per-</span> 
     </span>
     <span class='ocr_line' id='line_1_17' title="bbox 361 681 1900 741; baseline -0.004 -13"><span class='ocrx_word' id='word_1_50' title='bbox 361 687 616 728; x_wconf 87' lang='lat' dir='ltr'>manendam</span> <span class='ocrx_word' id='word_1_51' title='bbox 638 687 918 729; x_wconf 81' lang='lat' dir='ltr'>decernimus,</span> <span class='ocrx_word' id='word_1_52' title='bbox 969 687 1119 728; x_wconf 86' lang='lat' dir='ltr'>valete.</span> <span class='ocrx_word' id='word_1_53' title='bbox 1168 687 1272 727; x_wconf 85' lang='lat' dir='ltr'>haec</span> <span class='ocrx_word' id='word_1_54' title='bbox 1295 686 1337 726; x_wconf 91' lang='lat' dir='ltr'>in</span> <span class='ocrx_word' id='word_1_55' title='bbox 1363 700 1518 741; x_wconf 85' lang='lat' dir='ltr'>magna</span> <span class='ocrx_word' id='word_1_56' title='bbox 1539 682 1784 725; x_wconf 83' lang='lat' dir='ltr'>chartuaria</span> <span class='ocrx_word' id='word_1_57' title='bbox 1803 681 1900 723; x_wconf 90' lang='lat' dir='ltr'>folio</span> 
     </span>
     <span class='ocr_line' id='line_1_18' title="bbox 361 758 568 800; baseline 0 -2"><span class='ocrx_word' id='word_1_58' title='bbox 361 759 415 798; x_wconf 84' lang='lat'>53</span> <span class='ocrx_word' id='word_1_59' title='bbox 431 770 463 800; x_wconf 95' lang='lat'>&lt;</span> <span class='ocrx_word' id='word_1_60' title='bbox 480 758 506 798; x_wconf 93' lang='grc' dir='ltr'>Ο</span> <span class='ocrx_word' id='word_1_61' title='bbox 524 768 568 798; x_wconf 95' lang='grc'>&gt;.</span> 
     </span>
    </p>

    <p class='ocr_par' dir='ltr' id='par_1_9' title="bbox 359 823 1902 1228">
     <span class='ocr_line' id='line_1_19' title="bbox 447 823 1900 881; baseline -0.004 -14"><span class='ocrx_word' id='word_1_62' title='bbox 447 825 655 877; x_wconf 76' lang='lat' dir='ltr'>Quamvis</span> <span class='ocrx_word' id='word_1_63' title='bbox 687 825 768 867; x_wconf 84' lang='lat' dir='ltr'>iste</span> <span class='ocrx_word' id='word_1_64' title='bbox 798 831 921 881; x_wconf 83' lang='lat' dir='ltr'>pater</span> <span class='ocrx_word' id='word_1_65' title='bbox 951 832 1064 866; x_wconf 85' lang='lat' dir='ltr'>esset</span> <span class='ocrx_word' id='word_1_66' title='bbox 1095 825 1147 865; x_wconf 88' lang='lat' dir='ltr'>dc</span> <span class='ocrx_word' id='word_1_67' title='bbox 1179 824 1310 880; x_wconf 87' lang='lat' dir='ltr'>regali</span> <span class='ocrx_word' id='word_1_68' title='bbox 1345 823 1562 879; x_wconf 81' lang='lat' dir='ltr'>progenie,</span> <span class='ocrx_word' id='word_1_69' title='bbox 1584 823 1723 863; x_wconf 82' lang='lat' dir='ltr'>multa</span> <span class='ocrx_word' id='word_1_70' title='bbox 1755 828 1900 862; x_wconf 80' lang='lat' dir='ltr'>tamen</span> 
     </span>
     <span class='ocr_line' id='line_1_20' title="bbox 360 892 1899 950; baseline -0.003 -15"><span class='ocrx_word' id='word_1_71' title='bbox 360 894 574 936; x_wconf 86' lang='lat' dir='ltr'>ordinavit</span> <span class='ocrx_word' id='word_1_72' title='bbox 597 895 640 935; x_wconf 93' lang='lat' dir='ltr'>in</span> <span class='ocrx_word' id='word_1_73' title='bbox 669 895 981 936; x_wconf 71' lang='lat' dir='ltr'>detrimentum</span> <span class='ocrx_word' id='word_1_74' title='bbox 1008 894 1253 950; x_wconf 79' lang='lat' dir='ltr'>praedictae</span> <span class='ocrx_word' id='word_1_75' title='bbox 1276 893 1500 943; x_wconf 76' lang='lat' dir='ltr'>ecclesiae3</span> <span class='ocrx_word' id='word_1_76' title='bbox 1535 892 1733 933; x_wconf 87' lang='lat' dir='ltr'>videlicet</span> <span class='ocrx_word' id='word_1_77' title='bbox 1755 906 1899 932; x_wconf 88' lang='lat' dir='ltr'>conce-</span> 
     </span>
     <span class='ocr_line' id='line_1_21' title="bbox 359 961 1901 1020; baseline -0.003 -15"><span class='ocrx_word' id='word_1_78' title='bbox 359 965 498 1006; x_wconf 88' lang='lat' dir='ltr'>dendo</span> <span class='ocrx_word' id='word_1_79' title='bbox 521 964 721 1013; x_wconf 84' lang='lat' dir='ltr'>maneria,</span> <span class='ocrx_word' id='word_1_80' title='bbox 738 964 956 1020; x_wconf 86' lang='lat' dir='ltr'>praedicto</span> <span class='ocrx_word' id='word_1_81' title='bbox 980 963 1238 1005; x_wconf 83' lang='lat' dir='ltr'>monasterio</span> <span class='ocrx_word' id='word_1_82' title='bbox 1260 978 1284 1004; x_wconf 89' lang='lat' dir='ltr'>a</span> <span class='ocrx_word' id='word_1_83' title='bbox 1306 962 1480 1018; x_wconf 85' lang='lat' dir='ltr'>regibus</span> <span class='ocrx_word' id='word_1_84' title='bbox 1503 969 1546 1003; x_wconf 85' lang='lat' dir='ltr'>et</span> <span class='ocrx_word' id='word_1_85' title='bbox 1569 961 1835 1017; x_wconf 88' lang='lat' dir='ltr'>principibus</span> <span class='ocrx_word' id='word_1_86' title='bbox 1857 966 1901 1001; x_wconf 90' lang='lat' dir='ltr'>ct</span> 
     </span>
     <span class='ocr_line' id='line_1_22' title="bbox 359 1031 1902 1089; baseline -0.003 -14"><span class='ocrx_word' id='word_1_87' title='bbox 359 1033 455 1075; x_wconf 84' lang='lat' dir='ltr'>aliis</span> <span class='ocrx_word' id='word_1_88' title='bbox 496 1033 617 1089; x_wconf 89' lang='lat' dir='ltr'>regni</span> <span class='ocrx_word' id='word_1_89' title='bbox 660 1033 936 1089; x_wconf 85' lang='lat' dir='ltr'>magnatibus</span> <span class='ocrx_word' id='word_1_90' title='bbox 977 1032 1135 1080; x_wconf 88' lang='lat' dir='ltr'>dedita,</span> <span class='ocrx_word' id='word_1_91' title='bbox 1172 1032 1351 1073; x_wconf 81' lang='lat' dir='ltr'>diversis</span> <span class='ocrx_word' id='word_1_92' title='bbox 1388 1032 1476 1073; x_wconf 88' lang='lat' dir='ltr'>suis</span> <span class='ocrx_word' id='word_1_93' title='bbox 1512 1031 1660 1072; x_wconf 86' lang='lat' dir='ltr'>amicis</span> <span class='ocrx_word' id='word_1_94' title='bbox 1692 1036 1902 1087; x_wconf 86' lang='lat' dir='ltr'>perpetuo</span> 
     </span>
     <span class='ocr_line' id='line_1_23' title="bbox 360 1099 1901 1159; baseline -0.004 -14"><span class='ocrx_word' id='word_1_95' title='bbox 360 1103 615 1159; x_wconf 87' lang='lat' dir='ltr'>possidenda</span> <span class='ocrx_word' id='word_1_96' title='bbox 643 1102 723 1143; x_wconf 88' lang='lat' dir='ltr'>sub</span> <span class='ocrx_word' id='word_1_97' title='bbox 756 1102 928 1143; x_wconf 88' lang='lat' dir='ltr'>nomine</span> <span class='ocrx_word' id='word_1_98' title='bbox 967 1101 1112 1142; x_wconf 85' lang='lat' dir='ltr'>feodae</span> <span class='ocrx_word' id='word_1_99' title='bbox 1149 1101 1296 1142; x_wconf 87' lang='lat' dir='ltr'>firmae</span> <span class='ocrx_word' id='word_1_100' title='bbox 1329 1101 1554 1142; x_wconf 77' lang='lat' dir='ltr'>annuatim</span> <span class='ocrx_word' id='word_1_101' title='bbox 1586 1099 1901 1156; x_wconf 83' lang='lat' dir='ltr'>persolvendae,</span> 
     </span>
     <span class='ocr_line' id='line_1_24' title="bbox 361 1167 1901 1228; baseline -0.004 -14"><span class='ocrx_word' id='word_1_102' title='bbox 361 1180 410 1214; x_wconf 89' lang='lat' dir='ltr'>ut</span> <span class='ocrx_word' id='word_1_103' title='bbox 432 1173 477 1214; x_wconf 91' lang='lat' dir='ltr'>in</span> <span class='ocrx_word' id='word_1_104' title='bbox 498 1172 779 1228; x_wconf 82' lang='lat' dir='ltr'>sequentibus</span> <span class='ocrx_word' id='word_1_105' title='bbox 795 1170 975 1226; x_wconf 86' lang='lat' dir='ltr'>patebit.</span> <span class='ocrx_word' id='word_1_106' title='bbox 1028 1176 1072 1211; x_wconf 82' lang='lat' dir='ltr'>et</span> <span class='ocrx_word' id='word_1_107' title='bbox 1094 1169 1231 1225; x_wconf 87' lang='lat' dir='ltr'>primo</span> <span class='ocrx_word' id='word_1_108' title='bbox 1253 1170 1305 1211; x_wconf 93' lang='lat' dir='ltr'>de</span> <span class='ocrx_word' id='word_1_109' title='bbox 1330 1177 1465 1210; x_wconf 84' lang='lat' dir='ltr'>matre</span> <span class='ocrx_word' id='word_1_110' title='bbox 1487 1169 1696 1225; x_wconf 79' lang='lat' dir='ltr'>praedicti</span> <span class='ocrx_word' id='word_1_111' title='bbox 1713 1167 1901 1209; x_wconf 87' lang='lat' dir='ltr'>abbatis:</span> 
     </span>
    </p>

    <p class='ocr_par' dir='ltr' id='par_1_10' title="bbox 362 1237 1907 2126">
     <span class='ocr_line' id='line_1_25' title="bbox 449 1237 1901 1292; baseline -0.004 -9"><span class='ocrx_word' id='word_1_112' title='bbox 449 1241 678 1283; x_wconf 85' lang='lat' dir='ltr'>Gervasius</span> <span class='ocrx_word' id='word_1_113' title='bbox 700 1240 831 1281; x_wconf 90' lang='lat' dir='ltr'>abbas</span> <span class='ocrx_word' id='word_1_114' title='bbox 852 1239 1223 1281; x_wconf 88' lang='lat' dir='ltr'>Westmonasterii</span> <span class='ocrx_word' id='word_1_115' title='bbox 1246 1248 1289 1280; x_wconf 86' lang='lat' dir='ltr'>et</span> <span class='ocrx_word' id='word_1_116' title='bbox 1313 1245 1430 1280; x_wconf 88' lang='lat' dir='ltr'>totus</span> <span class='ocrx_word' id='word_1_117' title='bbox 1451 1244 1687 1279; x_wconf 86' lang='lat' dir='ltr'>conventus</span> <span class='ocrx_word' id='word_1_118' title='bbox 1710 1237 1901 1292; x_wconf 86' lang='lat' dir='ltr'>ejusdem</span> 
     </span>
     <span class='ocr_line' id='line_1_26' title="bbox 362 1305 1903 1363; baseline -0.004 -11"><span class='ocrx_word' id='word_1_119' title='bbox 362 1311 441 1352; x_wconf 88' lang='lat' dir='ltr'>loci</span> <span class='ocrx_word' id='word_1_120' title='bbox 463 1310 662 1352; x_wconf 87' lang='lat' dir='ltr'>omnibus</span> <span class='ocrx_word' id='word_1_121' title='bbox 685 1309 931 1350; x_wconf 87' lang='lat' dir='ltr'>hominibus</span> <span class='ocrx_word' id='word_1_122' title='bbox 953 1308 1041 1350; x_wconf 89' lang='lat' dir='ltr'>suis</span> <span class='ocrx_word' id='word_1_123' title='bbox 1064 1307 1238 1349; x_wconf 87' lang='lat' dir='ltr'>Francis</span> <span class='ocrx_word' id='word_1_124' title='bbox 1268 1314 1311 1349; x_wconf 88' lang='lat' dir='ltr'>et</span> <span class='ocrx_word' id='word_1_125' title='bbox 1334 1307 1488 1363; x_wconf 88' lang='lat' dir='ltr'>Anglis</span> <span class='ocrx_word' id='word_1_126' title='bbox 1509 1307 1705 1348; x_wconf 84' lang='lat' dir='ltr'>salutem.</span> <span class='ocrx_word' id='word_1_127' title='bbox 1766 1305 1903 1346; x_wconf 85' lang='lat' dir='ltr'>sciant</span> 
     </span>
     <span class='ocr_line' id='line_1_27' title="bbox 362 1374 1902 1437; baseline -0.005 -15"><span class='ocrx_word' id='word_1_128' title='bbox 362 1386 609 1437; x_wconf 78' lang='lat' dir='ltr'>praesentes</span> <span class='ocrx_word' id='word_1_129' title='bbox 650 1385 694 1420; x_wconf 86' lang='lat' dir='ltr'>et</span> <span class='ocrx_word' id='word_1_130' title='bbox 729 1378 863 1419; x_wconf 87' lang='lat' dir='ltr'>futuri</span> <span class='ocrx_word' id='word_1_131' title='bbox 901 1393 977 1418; x_wconf 89' lang='lat' dir='ltr'>nos</span> <span class='ocrx_word' id='word_1_132' title='bbox 1018 1377 1274 1418; x_wconf 84' lang='lat' dir='ltr'>concessisse</span> <span class='ocrx_word' id='word_1_133' title='bbox 1306 1375 1546 1417; x_wconf 86' lang='lat' dir='ltr'>manerium</span> <span class='ocrx_word' id='word_1_134' title='bbox 1578 1375 1630 1415; x_wconf 91' lang='lat' dir='ltr'>de</span> <span class='ocrx_word' id='word_1_135' title='bbox 1663 1374 1902 1417; x_wconf 87' lang='lat' dir='ltr'>Chelcheth</span> 
     </span>
     <span class='ocr_line' id='line_1_28' title="bbox 363 1443 1902 1503; baseline -0.005 -12"><span class='ocrx_word' id='word_1_136' title='bbox 363 1451 573 1491; x_wconf 88' lang='lat' dir='ltr'>Dametae</span> <span class='ocrx_word' id='word_1_137' title='bbox 597 1448 724 1489; x_wconf 89' lang='lat' dir='ltr'>matri</span> <span class='ocrx_word' id='word_1_138' title='bbox 746 1447 954 1503; x_wconf 82' lang='lat' dir='ltr'>praedicti</span> <span class='ocrx_word' id='word_1_139' title='bbox 972 1446 1142 1487; x_wconf 89' lang='lat' dir='ltr'>abbatis</span> <span class='ocrx_word' id='word_1_140' title='bbox 1164 1453 1208 1487; x_wconf 88' lang='lat' dir='ltr'>et</span> <span class='ocrx_word' id='word_1_141' title='bbox 1230 1444 1460 1486; x_wconf 88' lang='lat' dir='ltr'>heredibus</span> <span class='ocrx_word' id='word_1_142' title='bbox 1482 1444 1570 1485; x_wconf 87' lang='lat' dir='ltr'>suis</span> <span class='ocrx_word' id='word_1_143' title='bbox 1591 1443 1645 1484; x_wconf 90' lang='lat' dir='ltr'>ad</span> <span class='ocrx_word' id='word_1_144' title='bbox 1667 1443 1902 1484; x_wconf 90' lang='lat' dir='ltr'>tenendum</span> 
     </span>
     <span class='ocr_line' id='line_1_29' title="bbox 363 1512 1904 1568; baseline -0.005 -8"><span class='ocrx_word' id='word_1_145' title='bbox 363 1519 408 1560; x_wconf 93' lang='lat' dir='ltr'>in</span> <span class='ocrx_word' id='word_1_146' title='bbox 430 1519 551 1560; x_wconf 89' lang='lat' dir='ltr'>feodo</span> <span class='ocrx_word' id='word_1_147' title='bbox 573 1524 616 1559; x_wconf 87' lang='lat' dir='ltr'>et</span> <span class='ocrx_word' id='word_1_148' title='bbox 639 1516 880 1558; x_wconf 83' lang='lat' dir='ltr'>hereditate</span> <span class='ocrx_word' id='word_1_149' title='bbox 910 1531 1008 1557; x_wconf 89' lang='lat' dir='ltr'>cum</span> <span class='ocrx_word' id='word_1_150' title='bbox 1037 1515 1237 1556; x_wconf 89' lang='lat' dir='ltr'>omnibus</span> <span class='ocrx_word' id='word_1_151' title='bbox 1263 1513 1403 1555; x_wconf 90' lang='lat' dir='ltr'>eidem</span> <span class='ocrx_word' id='word_1_152' title='bbox 1434 1512 1560 1554; x_wconf 88' lang='lat' dir='ltr'>villae</span> <span class='ocrx_word' id='word_1_153' title='bbox 1583 1512 1904 1568; x_wconf 86' lang='lat' dir='ltr'>pertinentibus</span> 
     </span>
     <span class='ocr_line' id='line_1_30' title="bbox 363 1582 1905 1643; baseline -0.005 -13"><span class='ocrx_word' id='word_1_154' title='bbox 363 1589 407 1630; x_wconf 89' lang='lat' dir='ltr'>in</span> <span class='ocrx_word' id='word_1_155' title='bbox 429 1603 541 1643; x_wconf 88' lang='lat' dir='ltr'>aqua</span> <span class='ocrx_word' id='word_1_156' title='bbox 562 1593 606 1628; x_wconf 89' lang='lat' dir='ltr'>et</span> <span class='ocrx_word' id='word_1_157' title='bbox 627 1586 672 1627; x_wconf 93' lang='lat' dir='ltr'>in</span> <span class='ocrx_word' id='word_1_158' title='bbox 695 1593 819 1635; x_wconf 88' lang='lat' dir='ltr'>terra,</span> <span class='ocrx_word' id='word_1_159' title='bbox 842 1585 1058 1626; x_wconf 86' lang='lat' dir='ltr'>reddendo</span> <span class='ocrx_word' id='word_1_160' title='bbox 1080 1584 1179 1625; x_wconf 90' lang='lat' dir='ltr'>inde</span> <span class='ocrx_word' id='word_1_161' title='bbox 1202 1589 1388 1639; x_wconf 83' lang='lat' dir='ltr'>quatuor</span> <span class='ocrx_word' id='word_1_162' title='bbox 1418 1582 1546 1623; x_wconf 88' lang='lat' dir='ltr'>libras</span> <span class='ocrx_word' id='word_1_163' title='bbox 1568 1597 1644 1638; x_wconf 91' lang='lat' dir='ltr'>per</span> <span class='ocrx_word' id='word_1_164' title='bbox 1664 1597 1838 1631; x_wconf 87' lang='lat' dir='ltr'>annum,</span> <span class='ocrx_word' id='word_1_165' title='bbox 1861 1589 1905 1623; x_wconf 90' lang='lat' dir='ltr'>et</span> 
     </span>
     <span class='ocr_line' id='line_1_31' title="bbox 363 1651 1904 1712; baseline -0.005 -13"><span class='ocrx_word' id='word_1_166' title='bbox 363 1657 630 1699; x_wconf 88' lang='lat' dir='ltr'>defendendo</span> <span class='ocrx_word' id='word_1_167' title='bbox 652 1671 753 1712; x_wconf 88' lang='lat' dir='ltr'>erga</span> <span class='ocrx_word' id='word_1_168' title='bbox 774 1655 938 1710; x_wconf 83' lang='lat' dir='ltr'>regales</span> <span class='ocrx_word' id='word_1_169' title='bbox 960 1652 1317 1701; x_wconf 82' lang='lat' dir='ltr'>consuetudines3</span> <span class='ocrx_word' id='word_1_170' title='bbox 1354 1652 1420 1692; x_wconf 89' lang='lat' dir='ltr'>his</span> <span class='ocrx_word' id='word_1_171' title='bbox 1450 1651 1657 1700; x_wconf 83' lang='lat' dir='ltr'>terminis,</span> <span class='ocrx_word' id='word_1_172' title='bbox 1679 1652 1732 1692; x_wconf 89' lang='lat' dir='ltr'>ad</span> <span class='ocrx_word' id='word_1_173' title='bbox 1762 1652 1904 1692; x_wconf 84' lang='lat' dir='ltr'>natale</span> 
     </span>
     <span class='ocr_line' id='line_1_32' title="bbox 363 1721 1904 1772; baseline -0.005 -4"><span class='ocrx_word' id='word_1_174' title='bbox 363 1726 525 1769; x_wconf 90' lang='lat' dir='ltr'>domini</span> <span class='ocrx_word' id='word_1_175' title='bbox 568 1741 622 1766; x_wconf 88' lang='lat' dir='ltr'>xx</span> <span class='ocrx_word' id='word_1_176' title='bbox 664 1725 832 1772; x_wconf 89' lang='lat' dir='ltr'>solidos,</span> <span class='ocrx_word' id='word_1_177' title='bbox 878 1723 932 1764; x_wconf 90' lang='lat' dir='ltr'>ad</span> <span class='ocrx_word' id='word_1_178' title='bbox 971 1723 1132 1764; x_wconf 81' lang='lat' dir='ltr'>Pascha</span> <span class='ocrx_word' id='word_1_179' title='bbox 1174 1738 1228 1762; x_wconf 85' lang='lat' dir='ltr'>xx</span> <span class='ocrx_word' id='word_1_180' title='bbox 1269 1721 1435 1771; x_wconf 82' lang='lat' dir='ltr'>solidos,</span> <span class='ocrx_word' id='word_1_181' title='bbox 1474 1721 1527 1762; x_wconf 86' lang='lat' dir='ltr'>ad</span> <span class='ocrx_word' id='word_1_182' title='bbox 1569 1722 1726 1762; x_wconf 87' lang='lat' dir='ltr'>festum</span> <span class='ocrx_word' id='word_1_183' title='bbox 1768 1722 1904 1762; x_wconf 87' lang='lat' dir='ltr'>sancti</span> 
     </span>
     <span class='ocr_line' id='line_1_33' title="bbox 363 1790 1904 1850; baseline -0.005 -12"><span class='ocrx_word' id='word_1_184' title='bbox 363 1795 575 1838; x_wconf 85' lang='lat' dir='ltr'>Johannis</span> <span class='ocrx_word' id='word_1_185' title='bbox 611 1794 827 1850; x_wconf 84' lang='lat' dir='ltr'>baptistae</span> <span class='ocrx_word' id='word_1_186' title='bbox 865 1809 917 1833; x_wconf 88' lang='lat' dir='ltr'>xx</span> <span class='ocrx_word' id='word_1_187' title='bbox 951 1792 1106 1833; x_wconf 89' lang='lat' dir='ltr'>solidos</span> <span class='ocrx_word' id='word_1_188' title='bbox 1149 1791 1203 1832; x_wconf 88' lang='lat' dir='ltr'>ad</span> <span class='ocrx_word' id='word_1_189' title='bbox 1236 1791 1393 1832; x_wconf 86' lang='lat' dir='ltr'>festum</span> <span class='ocrx_word' id='word_1_190' title='bbox 1425 1790 1562 1831; x_wconf 87' lang='lat' dir='ltr'>sancti</span> <span class='ocrx_word' id='word_1_191' title='bbox 1596 1790 1818 1831; x_wconf 85' lang='lat' dir='ltr'>Michaelis</span> <span class='ocrx_word' id='word_1_192' title='bbox 1850 1806 1904 1831; x_wconf 89' lang='lat' dir='ltr'>xx</span> 
     </span>
     <span class='ocr_line' id='line_1_34' title="bbox 366 1859 1905 1917; baseline -0.005 -10"><span class='ocrx_word' id='word_1_193' title='bbox 366 1865 531 1907; x_wconf 88' lang='lat' dir='ltr'>solidos.</span> <span class='ocrx_word' id='word_1_194' title='bbox 593 1870 637 1904; x_wconf 90' lang='lat' dir='ltr'>et</span> <span class='ocrx_word' id='word_1_195' title='bbox 663 1863 727 1904; x_wconf 74' lang='lat' dir='ltr'>ita</span> <span class='ocrx_word' id='word_1_196' title='bbox 748 1863 945 1903; x_wconf 84' lang='lat' dir='ltr'>volumus</span> <span class='ocrx_word' id='word_1_197' title='bbox 974 1861 1088 1917; x_wconf 87' lang='lat' dir='ltr'>quod</span> <span class='ocrx_word' id='word_1_198' title='bbox 1118 1867 1266 1902; x_wconf 86' lang='lat' dir='ltr'>teneat</span> <span class='ocrx_word' id='word_1_199' title='bbox 1295 1860 1403 1901; x_wconf 88' lang='lat' dir='ltr'>bene</span> <span class='ocrx_word' id='word_1_200' title='bbox 1430 1866 1474 1901; x_wconf 87' lang='lat' dir='ltr'>et</span> <span class='ocrx_word' id='word_1_201' title='bbox 1496 1859 1540 1900; x_wconf 90' lang='lat' dir='ltr'>in</span> <span class='ocrx_word' id='word_1_202' title='bbox 1562 1874 1677 1915; x_wconf 88' lang='lat' dir='ltr'>pace,</span> <span class='ocrx_word' id='word_1_203' title='bbox 1700 1859 1831 1901; x_wconf 87' lang='lat' dir='ltr'>libere</span> <span class='ocrx_word' id='word_1_204' title='bbox 1861 1866 1905 1901; x_wconf 91' lang='lat' dir='ltr'>et</span> 
     </span>
     <span class='ocr_line' id='line_1_35' title="bbox 367 1929 1905 1981; baseline -0.003 -5"><span class='ocrx_word' id='word_1_205' title='bbox 367 1933 607 1981; x_wconf 87' lang='lat' dir='ltr'>honorifice,</span> <span class='ocrx_word' id='word_1_206' title='bbox 628 1947 726 1973; x_wconf 90' lang='lat' dir='ltr'>cum</span> <span class='ocrx_word' id='word_1_207' title='bbox 752 1946 848 1972; x_wconf 88' lang='lat' dir='ltr'>saca</span> <span class='ocrx_word' id='word_1_208' title='bbox 877 1937 921 1972; x_wconf 90' lang='lat' dir='ltr'>et</span> <span class='ocrx_word' id='word_1_209' title='bbox 950 1946 1045 1971; x_wconf 89' lang='lat' dir='ltr'>soca</span> <span class='ocrx_word' id='word_1_210' title='bbox 1077 1936 1121 1971; x_wconf 87' lang='lat' dir='ltr'>et</span> <span class='ocrx_word' id='word_1_211' title='bbox 1149 1929 1303 1971; x_wconf 86' lang='lat' dir='ltr'>ceteris</span> <span class='ocrx_word' id='word_1_212' title='bbox 1332 1929 1717 1970; x_wconf 86' lang='lat' dir='ltr'>consuetudinibus</span> <span class='ocrx_word' id='word_1_213' title='bbox 1749 1929 1905 1971; x_wconf 89' lang='lat' dir='ltr'>liberis.</span> 
     </span>
     <span class='ocr_line' id='line_1_36' title="bbox 367 1999 1907 2060; baseline -0.003 -15"><span class='ocrx_word' id='word_1_214' title='bbox 367 2010 411 2046; x_wconf 90' lang='lat' dir='ltr'>et</span> <span class='ocrx_word' id='word_1_215' title='bbox 450 2019 526 2060; x_wconf 88' lang='lat' dir='ltr'>pro</span> <span class='ocrx_word' id='word_1_216' title='bbox 563 2003 641 2043; x_wconf 90' lang='lat' dir='ltr'>hac</span> <span class='ocrx_word' id='word_1_217' title='bbox 683 2000 951 2042; x_wconf 85' lang='lat' dir='ltr'>concessione</span> <span class='ocrx_word' id='word_1_218' title='bbox 988 2000 1109 2041; x_wconf 85' lang='lat' dir='ltr'>dedit</span> <span class='ocrx_word' id='word_1_219' title='bbox 1147 1999 1367 2055; x_wconf 86' lang='lat' dir='ltr'>praedicta</span> <span class='ocrx_word' id='word_1_220' title='bbox 1404 1999 1590 2040; x_wconf 87' lang='lat' dir='ltr'>Dameta</span> <span class='ocrx_word' id='word_1_221' title='bbox 1620 1999 1907 2055; x_wconf 85' lang='lat' dir='ltr'>quadraginta</span> 
     </span>
     <span class='ocr_line' id='line_1_37' title="bbox 366 2068 1666 2126; baseline -0.004 -12"><span class='ocrx_word' id='word_1_222' title='bbox 366 2073 521 2115; x_wconf 90' lang='lat' dir='ltr'>solidos</span> <span class='ocrx_word' id='word_1_223' title='bbox 542 2071 773 2113; x_wconf 87' lang='lat' dir='ltr'>conventui</span> <span class='ocrx_word' id='word_1_224' title='bbox 795 2077 839 2112; x_wconf 91' lang='lat' dir='ltr'>et</span> <span class='ocrx_word' id='word_1_225' title='bbox 862 2086 997 2111; x_wconf 89' lang='lat' dir='ltr'>unum</span> <span class='ocrx_word' id='word_1_226' title='bbox 1020 2070 1201 2126; x_wconf 88' lang='lat' dir='ltr'>pallium</span> <span class='ocrx_word' id='word_1_227' title='bbox 1223 2076 1398 2110; x_wconf 86' lang='lat' dir='ltr'>centum</span> <span class='ocrx_word' id='word_1_228' title='bbox 1422 2068 1666 2110; x_wconf 87' lang='lat' dir='ltr'>solidorum.</span> 
     </span>
    </p>

    <p class='ocr_par' dir='ltr' id='par_1_11' title="bbox 366 2137 1911 3237">
     <span class='ocr_line' id='line_1_38' title="bbox 454 2137 1907 2194; baseline -0.002 -11"><span class='ocrx_word' id='word_1_229' title='bbox 454 2141 587 2183; x_wconf 86' lang='lat' dir='ltr'>Dedit</span> <span class='ocrx_word' id='word_1_230' title='bbox 609 2141 741 2182; x_wconf 88' lang='lat' dir='ltr'>etiam</span> <span class='ocrx_word' id='word_1_231' title='bbox 764 2139 1002 2181; x_wconf 85' lang='lat' dir='ltr'>manerium</span> <span class='ocrx_word' id='word_1_232' title='bbox 1026 2139 1081 2180; x_wconf 85' lang='lat' dir='ltr'>ad</span> <span class='ocrx_word' id='word_1_233' title='bbox 1105 2139 1291 2179; x_wconf 89' lang='lat' dir='ltr'>Hamme</span> <span class='ocrx_word' id='word_1_234' title='bbox 1315 2138 1358 2178; x_wconf 91' lang='lat' dir='ltr'>in</span> <span class='ocrx_word' id='word_1_235' title='bbox 1381 2137 1589 2179; x_wconf 85' lang='lat' dir='ltr'>comitatu</span> <span class='ocrx_word' id='word_1_236' title='bbox 1614 2138 1814 2179; x_wconf 89' lang='lat' dir='ltr'>Essexiae</span> <span class='ocrx_word' id='word_1_237' title='bbox 1832 2154 1907 2194; x_wconf 89' lang='lat' dir='ltr'>pro</span> 
     </span>
     <span class='ocr_line' id='line_1_39' title="bbox 366 2205 1906 2264; baseline -0.003 -12"><span class='ocrx_word' id='word_1_238' title='bbox 366 2211 408 2252; x_wconf 93' lang='lat' dir='ltr'>lx</span> <span class='ocrx_word' id='word_1_239' title='bbox 439 2209 586 2252; x_wconf 89' lang='lat' dir='ltr'>solidis</span> <span class='ocrx_word' id='word_1_240' title='bbox 617 2224 693 2264; x_wconf 87' lang='lat' dir='ltr'>per</span> <span class='ocrx_word' id='word_1_241' title='bbox 720 2223 882 2249; x_wconf 88' lang='lat' dir='ltr'>annum</span> <span class='ocrx_word' id='word_1_242' title='bbox 912 2207 955 2248; x_wconf 86' lang='lat' dir='ltr'>in</span> <span class='ocrx_word' id='word_1_243' title='bbox 986 2207 1107 2248; x_wconf 88' lang='lat' dir='ltr'>feodo</span> <span class='ocrx_word' id='word_1_244' title='bbox 1136 2206 1294 2262; x_wconf 86' lang='lat' dir='ltr'>Algero</span> <span class='ocrx_word' id='word_1_245' title='bbox 1325 2205 1499 2247; x_wconf 83' lang='lat' dir='ltr'>clerico:</span> <span class='ocrx_word' id='word_1_246' title='bbox 1530 2206 1730 2248; x_wconf 86' lang='lat' dir='ltr'>similiter</span> <span class='ocrx_word' id='word_1_247' title='bbox 1759 2213 1906 2248; x_wconf 85' lang='lat' dir='ltr'>autem</span> 
     </span>
     <span class='ocr_line' id='line_1_40' title="bbox 367 2276 1907 2333; baseline -0.002 -12"><span class='ocrx_word' id='word_1_248' title='bbox 367 2279 605 2321; x_wconf 84' lang='lat' dir='ltr'>manerium</span> <span class='ocrx_word' id='word_1_249' title='bbox 637 2279 690 2319; x_wconf 89' lang='lat' dir='ltr'>de</span> <span class='ocrx_word' id='word_1_250' title='bbox 723 2278 940 2319; x_wconf 87' lang='lat' dir='ltr'>Hendune</span> <span class='ocrx_word' id='word_1_251' title='bbox 971 2277 1168 2318; x_wconf 86' lang='lat' dir='ltr'>Gilberto</span> <span class='ocrx_word' id='word_1_252' title='bbox 1196 2276 1284 2317; x_wconf 84' lang='lat' dir='ltr'>filio</span> <span class='ocrx_word' id='word_1_253' title='bbox 1313 2276 1498 2317; x_wconf 83' lang='lat' dir='ltr'>Gunteri</span> <span class='ocrx_word' id='word_1_254' title='bbox 1528 2276 1571 2317; x_wconf 91' lang='lat' dir='ltr'>in</span> <span class='ocrx_word' id='word_1_255' title='bbox 1599 2277 1719 2318; x_wconf 89' lang='lat' dir='ltr'>feodo</span> <span class='ocrx_word' id='word_1_256' title='bbox 1748 2292 1824 2333; x_wconf 88' lang='lat' dir='ltr'>pro</span> <span class='ocrx_word' id='word_1_257' title='bbox 1853 2294 1907 2318; x_wconf 84' lang='lat' dir='ltr'>xx</span> 
     </span>
     <span class='ocr_line' id='line_1_41' title="bbox 366 2345 1908 2404; baseline -0.003 -13"><span class='ocrx_word' id='word_1_258' title='bbox 366 2349 486 2391; x_wconf 89' lang='lat' dir='ltr'>libris</span> <span class='ocrx_word' id='word_1_259' title='bbox 517 2363 593 2404; x_wconf 87' lang='lat' dir='ltr'>per</span> <span class='ocrx_word' id='word_1_260' title='bbox 620 2360 806 2397; x_wconf 81' lang='lat' dir='ltr'>annum3</span> <span class='ocrx_word' id='word_1_261' title='bbox 839 2345 1077 2387; x_wconf 85' lang='lat' dir='ltr'>manerium</span> <span class='ocrx_word' id='word_1_262' title='bbox 1109 2346 1162 2386; x_wconf 88' lang='lat' dir='ltr'>de</span> <span class='ocrx_word' id='word_1_263' title='bbox 1191 2345 1537 2401; x_wconf 86' lang='lat' dir='ltr'>Uppehaleforde</span> <span class='ocrx_word' id='word_1_264' title='bbox 1564 2353 1608 2386; x_wconf 89' lang='lat' dir='ltr'>et</span> <span class='ocrx_word' id='word_1_265' title='bbox 1640 2346 1908 2401; x_wconf 85' lang='lat' dir='ltr'>Shepertone</span> 
     </span>
     <span class='ocr_line' id='line_1_42' title="bbox 368 2413 1909 2470; baseline -0.003 -10"><span class='ocrx_word' id='word_1_266' title='bbox 368 2418 556 2460; x_wconf 84' lang='lat' dir='ltr'>Roberto</span> <span class='ocrx_word' id='word_1_267' title='bbox 578 2416 771 2458; x_wconf 85' lang='lat' dir='ltr'>Crenker</span> <span class='ocrx_word' id='word_1_268' title='bbox 793 2414 947 2465; x_wconf 80' lang='lat' dir='ltr'>militi3</span> <span class='ocrx_word' id='word_1_269' title='bbox 968 2420 1056 2455; x_wconf 84' lang='lat' dir='ltr'>tres</span> <span class='ocrx_word' id='word_1_270' title='bbox 1079 2413 1201 2454; x_wconf 88' lang='lat' dir='ltr'>hidas</span> <span class='ocrx_word' id='word_1_271' title='bbox 1223 2413 1268 2453; x_wconf 88' lang='lat' dir='ltr'>in</span> <span class='ocrx_word' id='word_1_272' title='bbox 1285 2414 1559 2470; x_wconf 83' lang='lat' dir='ltr'>Totyngtone</span> <span class='ocrx_word' id='word_1_273' title='bbox 1582 2420 1626 2456; x_wconf 82' lang='lat' dir='ltr'>et</span> <span class='ocrx_word' id='word_1_274' title='bbox 1648 2415 1909 2470; x_wconf 85' lang='lat' dir='ltr'>Sunnebury</span> 
     </span>
     <span class='ocr_line' id='line_1_43' title="bbox 369 2483 1909 2544; baseline -0.003 -14"><span class='ocrx_word' id='word_1_275' title='bbox 369 2487 547 2544; x_wconf 90' lang='lat' dir='ltr'>Hugoni</span> <span class='ocrx_word' id='word_1_276' title='bbox 568 2486 656 2527; x_wconf 88' lang='lat' dir='ltr'>filio</span> <span class='ocrx_word' id='word_1_277' title='bbox 685 2484 937 2534; x_wconf 78' lang='lat' dir='ltr'>Guernerii3</span> <span class='ocrx_word' id='word_1_278' title='bbox 969 2490 1056 2525; x_wconf 90' lang='lat' dir='ltr'>tres</span> <span class='ocrx_word' id='word_1_279' title='bbox 1081 2483 1269 2539; x_wconf 85' lang='lat' dir='ltr'>virgatas</span> <span class='ocrx_word' id='word_1_280' title='bbox 1292 2489 1429 2524; x_wconf 88' lang='lat' dir='ltr'>terrae</span> <span class='ocrx_word' id='word_1_281' title='bbox 1452 2483 1497 2524; x_wconf 86' lang='lat' dir='ltr'>in</span> <span class='ocrx_word' id='word_1_282' title='bbox 1523 2485 1909 2541; x_wconf 86' lang='lat' dir='ltr'>Whethampstede</span> 
     </span>
     <span class='ocr_line' id='line_1_44' title="bbox 367 2552 1909 2614; baseline -0.003 -16"><span class='ocrx_word' id='word_1_283' title='bbox 367 2572 443 2614; x_wconf 91' lang='lat' dir='ltr'>pro</span> <span class='ocrx_word' id='word_1_284' title='bbox 484 2572 509 2596; x_wconf 86' lang='lat' dir='ltr'>x</span> <span class='ocrx_word' id='word_1_285' title='bbox 546 2554 692 2596; x_wconf 86' lang='lat' dir='ltr'>solidis</span> <span class='ocrx_word' id='word_1_286' title='bbox 733 2568 809 2608; x_wconf 90' lang='lat' dir='ltr'>per</span> <span class='ocrx_word' id='word_1_287' title='bbox 844 2567 1006 2593; x_wconf 87' lang='lat' dir='ltr'>annum</span> <span class='ocrx_word' id='word_1_288' title='bbox 1045 2552 1233 2592; x_wconf 82' lang='lat' dir='ltr'>Roberto</span> <span class='ocrx_word' id='word_1_289' title='bbox 1270 2552 1515 2593; x_wconf 85' lang='lat' dir='ltr'>marescallo</span> <span class='ocrx_word' id='word_1_290' title='bbox 1551 2567 1651 2603; x_wconf 67' lang='lat' dir='ltr'>suog</span> <span class='ocrx_word' id='word_1_291' title='bbox 1694 2554 1909 2595; x_wconf 90' lang='lat' dir='ltr'>Willelmo</span> 
     </span>
     <span class='ocr_line' id='line_1_45' title="bbox 370 2620 1909 2668; baseline -0.003 0"><span class='ocrx_word' id='word_1_292' title='bbox 370 2625 582 2668; x_wconf 88' lang='lat' dir='ltr'>Dernford</span> <span class='ocrx_word' id='word_1_293' title='bbox 615 2623 745 2664; x_wconf 87' lang='lat' dir='ltr'>militi</span> <span class='ocrx_word' id='word_1_294' title='bbox 778 2622 824 2663; x_wconf 89' lang='lat' dir='ltr'>in</span> <span class='ocrx_word' id='word_1_295' title='bbox 858 2622 978 2663; x_wconf 90' lang='lat' dir='ltr'>feodo</span> <span class='ocrx_word' id='word_1_296' title='bbox 1016 2621 1255 2662; x_wconf 88' lang='lat' dir='ltr'>manerium</span> <span class='ocrx_word' id='word_1_297' title='bbox 1292 2620 1345 2661; x_wconf 89' lang='lat' dir='ltr'>de</span> <span class='ocrx_word' id='word_1_298' title='bbox 1380 2621 1593 2663; x_wconf 88' lang='lat' dir='ltr'>Durherst</span> <span class='ocrx_word' id='word_1_299' title='bbox 1624 2622 1667 2663; x_wconf 90' lang='lat' dir='ltr'>in</span> <span class='ocrx_word' id='word_1_300' title='bbox 1700 2623 1909 2664; x_wconf 85' lang='lat' dir='ltr'>comitatu</span> 
     </span>
     <span class='ocr_line' id='line_1_46' title="bbox 369 2691 1907 2748; baseline -0.003 -10"><span class='ocrx_word' id='word_1_301' title='bbox 369 2693 662 2738; x_wconf 86' lang='lat' dir='ltr'>Gloucestriae</span> <span class='ocrx_word' id='word_1_302' title='bbox 713 2707 788 2748; x_wconf 86' lang='lat' dir='ltr'>pro</span> <span class='ocrx_word' id='word_1_303' title='bbox 840 2707 922 2731; x_wconf 88' lang='lat' dir='ltr'>xxx</span> <span class='ocrx_word' id='word_1_304' title='bbox 976 2691 1096 2731; x_wconf 87' lang='lat' dir='ltr'>libris</span> <span class='ocrx_word' id='word_1_305' title='bbox 1147 2705 1222 2746; x_wconf 87' lang='lat' dir='ltr'>per</span> <span class='ocrx_word' id='word_1_306' title='bbox 1272 2704 1444 2732; x_wconf 88' lang='lat' dir='ltr'>annum.</span> <span class='ocrx_word' id='word_1_307' title='bbox 1506 2691 1713 2732; x_wconf 88' lang='lat' dir='ltr'>concessit</span> <span class='ocrx_word' id='word_1_308' title='bbox 1763 2698 1907 2733; x_wconf 86' lang='lat' dir='ltr'>autem</span> 
     </span>
     <span class='ocr_line' id='line_1_47' title="bbox 370 2758 1908 2816; baseline -0.003 -9"><span class='ocrx_word' id='word_1_309' title='bbox 370 2765 571 2807; x_wconf 86' lang='lat' dir='ltr'>ecclesiae</span> <span class='ocrx_word' id='word_1_310' title='bbox 594 2761 732 2803; x_wconf 84' lang='lat' dir='ltr'>sancti</span> <span class='ocrx_word' id='word_1_311' title='bbox 751 2759 929 2801; x_wconf 88' lang='lat' dir='ltr'>Martini</span> <span class='ocrx_word' id='word_1_312' title='bbox 948 2759 1093 2815; x_wconf 87' lang='lat' dir='ltr'>magni</span> <span class='ocrx_word' id='word_1_313' title='bbox 1112 2758 1423 2800; x_wconf 88' lang='lat' dir='ltr'>Londoniensis</span> <span class='ocrx_word' id='word_1_314' title='bbox 1445 2766 1488 2800; x_wconf 87' lang='lat' dir='ltr'>et</span> <span class='ocrx_word' id='word_1_315' title='bbox 1505 2760 1694 2815; x_wconf 89' lang='lat' dir='ltr'>capitulo</span> <span class='ocrx_word' id='word_1_316' title='bbox 1716 2761 1908 2816; x_wconf 87' lang='lat' dir='ltr'>ejusdem</span> 
     </span>
     <span class='ocr_line' id='line_1_48' title="bbox 371 2830 1910 2886; baseline -0.003 -9"><span class='ocrx_word' id='word_1_317' title='bbox 371 2835 450 2877; x_wconf 88' lang='lat' dir='ltr'>loci</span> <span class='ocrx_word' id='word_1_318' title='bbox 487 2832 707 2875; x_wconf 87' lang='lat' dir='ltr'>ecclesiam</span> <span class='ocrx_word' id='word_1_319' title='bbox 739 2837 912 2872; x_wconf 85' lang='lat' dir='ltr'>sanctae</span> <span class='ocrx_word' id='word_1_320' title='bbox 945 2830 1129 2886; x_wconf 84' lang='lat' dir='ltr'>Agnetis</span> <span class='ocrx_word' id='word_1_321' title='bbox 1154 2830 1285 2886; x_wconf 87' lang='lat' dir='ltr'>juxta</span> <span class='ocrx_word' id='word_1_322' title='bbox 1315 2830 1632 2886; x_wconf 82' lang='lat' dir='ltr'>Alderychgate</span> <span class='ocrx_word' id='word_1_323' title='bbox 1665 2831 1910 2872; x_wconf 87' lang='lat' dir='ltr'>Londoniae</span> 
     </span>
     <span class='ocr_line' id='line_1_49' title="bbox 370 2899 1911 2962; baseline -0.003 -16"><span class='ocrx_word' id='word_1_324' title='bbox 370 2920 446 2962; x_wconf 90' lang='lat' dir='ltr'>pro</span> <span class='ocrx_word' id='word_1_325' title='bbox 469 2903 527 2945; x_wconf 90' lang='lat' dir='ltr'>vii</span> <span class='ocrx_word' id='word_1_326' title='bbox 548 2901 694 2944; x_wconf 88' lang='lat' dir='ltr'>solidis</span> <span class='ocrx_word' id='word_1_327' title='bbox 716 2916 792 2956; x_wconf 91' lang='lat' dir='ltr'>per</span> <span class='ocrx_word' id='word_1_328' title='bbox 819 2915 981 2941; x_wconf 87' lang='lat' dir='ltr'>annum</span> <span class='ocrx_word' id='word_1_329' title='bbox 1001 2915 1009 2950; x_wconf 91' lang='lat'>;</span> <span class='ocrx_word' id='word_1_330' title='bbox 1041 2899 1280 2941; x_wconf 88' lang='lat' dir='ltr'>manerium</span> <span class='ocrx_word' id='word_1_331' title='bbox 1303 2914 1472 2955; x_wconf 87' lang='lat' dir='ltr'>quoque</span> <span class='ocrx_word' id='word_1_332' title='bbox 1494 2899 1546 2940; x_wconf 88' lang='lat' dir='ltr'>de</span> <span class='ocrx_word' id='word_1_333' title='bbox 1572 2900 1814 2942; x_wconf 86' lang='lat' dir='ltr'>Whateleia</span> <span class='ocrx_word' id='word_1_334' title='bbox 1835 2916 1911 2957; x_wconf 85' lang='lat' dir='ltr'>pro</span> 
     </span>
     <span class='ocr_line' id='line_1_50' title="bbox 371 2969 1910 3028; baseline -0.003 -12"><span class='ocrx_word' id='word_1_335' title='bbox 371 2976 414 3017; x_wconf 86' lang='lat' dir='ltr'>lx</span> <span class='ocrx_word' id='word_1_336' title='bbox 435 2973 580 3016; x_wconf 88' lang='lat' dir='ltr'>solidis</span> <span class='ocrx_word' id='word_1_337' title='bbox 603 2986 679 3028; x_wconf 87' lang='lat' dir='ltr'>per</span> <span class='ocrx_word' id='word_1_338' title='bbox 699 2985 862 3012; x_wconf 88' lang='lat' dir='ltr'>annum</span> <span class='ocrx_word' id='word_1_339' title='bbox 893 2970 1082 3011; x_wconf 89' lang='lat' dir='ltr'>Roberto</span> <span class='ocrx_word' id='word_1_340' title='bbox 1110 2969 1198 3010; x_wconf 81' lang='lat' dir='ltr'>filio</span> <span class='ocrx_word' id='word_1_341' title='bbox 1221 2969 1453 3010; x_wconf 84' lang='lat' dir='ltr'>Swenonis.</span> <span class='ocrx_word' id='word_1_342' title='bbox 1517 2969 1755 3011; x_wconf 87' lang='lat' dir='ltr'>manerium</span> <span class='ocrx_word' id='word_1_343' title='bbox 1778 2971 1910 3012; x_wconf 88' lang='lat' dir='ltr'>etiam</span> 
     </span>
     <span class='ocr_line' id='line_1_51' title="bbox 371 3039 1911 3095; baseline -0.003 -9"><span class='ocrx_word' id='word_1_344' title='bbox 371 3045 425 3086; x_wconf 90' lang='lat' dir='ltr'>de</span> <span class='ocrx_word' id='word_1_345' title='bbox 447 3043 664 3085; x_wconf 89' lang='lat' dir='ltr'>Mulsham</span> <span class='ocrx_word' id='word_1_346' title='bbox 686 3040 808 3082; x_wconf 89' lang='lat' dir='ltr'>dedit</span> <span class='ocrx_word' id='word_1_347' title='bbox 830 3040 874 3080; x_wconf 93' lang='lat' dir='ltr'>in</span> <span class='ocrx_word' id='word_1_348' title='bbox 904 3040 1026 3081; x_wconf 88' lang='lat' dir='ltr'>feodo</span> <span class='ocrx_word' id='word_1_349' title='bbox 1048 3054 1124 3095; x_wconf 88' lang='lat' dir='ltr'>pro</span> <span class='ocrx_word' id='word_1_350' title='bbox 1146 3039 1189 3080; x_wconf 89' lang='lat' dir='ltr'>ix</span> <span class='ocrx_word' id='word_1_351' title='bbox 1212 3039 1333 3080; x_wconf 89' lang='lat' dir='ltr'>libris</span> <span class='ocrx_word' id='word_1_352' title='bbox 1354 3054 1431 3095; x_wconf 88' lang='lat' dir='ltr'>per</span> <span class='ocrx_word' id='word_1_353' title='bbox 1451 3054 1612 3080; x_wconf 85' lang='lat' dir='ltr'>annum</span> <span class='ocrx_word' id='word_1_354' title='bbox 1631 3054 1639 3089; x_wconf 75' lang='lat'>3</span> <span class='ocrx_word' id='word_1_355' title='bbox 1672 3041 1911 3082; x_wconf 87' lang='lat' dir='ltr'>manerium</span> 
     </span>
     <span class='ocr_line' id='line_1_52' title="bbox 371 3109 1911 3168; baseline -0.002 -14"><span class='ocrx_word' id='word_1_356' title='bbox 371 3114 424 3156; x_wconf 82' lang='lat' dir='ltr'>de</span> <span class='ocrx_word' id='word_1_357' title='bbox 447 3112 719 3168; x_wconf 85' lang='lat' dir='ltr'>Cippenham</span> <span class='ocrx_word' id='word_1_358' title='bbox 741 3116 785 3151; x_wconf 91' lang='lat' dir='ltr'>et</span> <span class='ocrx_word' id='word_1_359' title='bbox 806 3110 997 3151; x_wconf 85' lang='lat' dir='ltr'>Vurnam</span> <span class='ocrx_word' id='word_1_360' title='bbox 1020 3109 1064 3150; x_wconf 90' lang='lat' dir='ltr'>in</span> <span class='ocrx_word' id='word_1_361' title='bbox 1087 3109 1207 3150; x_wconf 88' lang='lat' dir='ltr'>feodo</span> <span class='ocrx_word' id='word_1_362' title='bbox 1228 3109 1442 3150; x_wconf 89' lang='lat' dir='ltr'>Willelmo</span> <span class='ocrx_word' id='word_1_363' title='bbox 1463 3109 1516 3149; x_wconf 92' lang='lat' dir='ltr'>de</span> <span class='ocrx_word' id='word_1_364' title='bbox 1539 3109 1784 3151; x_wconf 84' lang='lat' dir='ltr'>Bokelande</span> <span class='ocrx_word' id='word_1_365' title='bbox 1802 3125 1877 3165; x_wconf 88' lang='lat' dir='ltr'>pro</span> <span class='ocrx_word' id='word_1_366' title='bbox 1900 3111 1911 3151; x_wconf 93' lang='lat' dir='ltr'>l</span> 
     </span>
     <span class='ocr_line' id='line_1_53' title="bbox 372 3182 829 3237; baseline -0.007 -13"><span class='ocrx_word' id='word_1_367' title='bbox 372 3182 519 3225; x_wconf 84' lang='lat' dir='ltr'>solidis</span> <span class='ocrx_word' id='word_1_368' title='bbox 550 3196 626 3237; x_wconf 88' lang='lat' dir='ltr'>per</span> <span class='ocrx_word' id='word_1_369' title='bbox 655 3194 829 3221; x_wconf 87' lang='lat' dir='ltr'>annum.</span> 
     </span>
    </p>

    <p class='ocr_par' dir='ltr' id='par_1_12' title="bbox 947 3258 1344 3298">
     <span class='ocr_line' id='line_1_54' title="bbox 947 3258 1344 3298; baseline 0.003 -10"><span class='ocrx_word' id='word_1_370' title='bbox 947 3258 986 3288; x_wconf 87' lang='lat'>14</span> <span class='ocrx_word' id='word_1_371' title='bbox 1011 3258 1096 3298; x_wconf 83' lang='lat' dir='ltr'>suis]</span> <span class='ocrx_word' id='word_1_372' title='bbox 1114 3258 1155 3289; x_wconf 91' lang='lat' dir='ltr'>d:</span> <span class='ocrx_word' id='word_1_373' title='bbox 1181 3268 1241 3289; x_wconf 82' lang='lat' dir='ltr'>om.</span> <span class='ocrx_word' id='word_1_374' title='bbox 1261 3258 1344 3289; x_wconf 88' lang='lat' dir='ltr'>DW.</span> 
     </span>
    </p>
   </div>
   <div class='ocr_carea' id='block_1_6' title="bbox 1925 1180 1963 1201">
    <p class='ocr_par' dir='ltr' id='par_1_13' title="bbox 1925 1180 1963 1201">
     <span class='ocr_line' id='line_1_55' title="bbox 1925 1180 1963 1201; baseline 0 0"><span class='ocrx_word' id='word_1_375' title='bbox 1925 1180 1963 1201; x_wconf 92' lang='lat'>10</span> 
     </span>
    </p>
   </div>
   <div class='ocr_carea' id='block_1_7' title="bbox 1926 1523 1963 1553">
    <p class='ocr_par' dir='ltr' id='par_1_14' title="bbox 1926 1523 1963 1553">
     <span class='ocr_line' id='line_1_56' title="bbox 1926 1523 1963 1553; baseline 0 0"><span class='ocrx_word' id='word_1_376' title='bbox 1926 1523 1963 1553; x_wconf 88' lang='lat'>15</span> 
     </span>
    </p>
   </div>
   <div class='ocr_carea' id='block_1_8' title="bbox 1925 1873 1966 1895">
    <p class='ocr_par' dir='ltr' id='par_1_15' title="bbox 1925 1873 1966 1895">
     <span class='ocr_line' id='line_1_57' title="bbox 1925 1873 1966 1895; baseline 0.024 -1"><span class='ocrx_word' id='word_1_377' title='bbox 1925 1873 1966 1895; x_wconf 76' lang='lat'>‘20</span> 
     </span>
    </p>
   </div>
   <div class='ocr_carea' id='block_1_9' title="bbox 1927 2219 1966 2250">
    <p class='ocr_par' dir='ltr' id='par_1_16' title="bbox 1927 2219 1966 2250">
     <span class='ocr_line' id='line_1_58' title="bbox 1927 2219 1966 2250; baseline 0 0"><span class='ocrx_word' id='word_1_378' title='bbox 1927 2219 1966 2250; x_wconf 84' lang='lat'>²5</span> 
     </span>
    </p>
   </div>
   <div class='ocr_carea' id='block_1_10' title="bbox 1929 2566 1970 2596">
    <p class='ocr_par' dir='ltr' id='par_1_17' title="bbox 1929 2566 1970 2596">
     <span class='ocr_line' id='line_1_59' title="bbox 1929 2566 1970 2596; baseline 0 -9"><span class='ocrx_word' id='word_1_379' title='bbox 1929 2566 1970 2596; x_wconf 79' lang='lat'>30</span> 
     </span>
    </p>
   </div>
   <div class='ocr_carea' id='block_1_11' title="bbox 1931 2915 1968 2946">
    <p class='ocr_par' dir='ltr' id='par_1_18' title="bbox 1931 2915 1968 2946">
     <span class='ocr_line' id='line_1_60' title="bbox 1931 2915 1968 2946; baseline -0.027 0"><span class='ocrx_word' id='word_1_380' title='bbox 1931 2915 1968 2946; x_wconf 83' lang='lat'>35</span> 
     </span>
    </p>
   </div>
  </div>
 </body>
</html>
