2385 3891
105 1197 178 1229 XV.
225 1197 271 1228 Of
284 1196 343 1228 the

105 1240 341 1280 Indulgences.

104 1368 154 1400 To
169 1369 277 1400 Bene-

104 1413 241 1444 factors.

105 2341 154 2373 To
170 2342 264 2374 Wor-

105 2385 271 2426 shippers.

1002 410 1107 458 The
1144 408 1314 458 Relz‘cs
1861 409 1922 457 73

391 532 583 588 virginis,
606 539 650 574 et
671 539 839 588 partem
861 533 942 574 olei
964 533 1016 574 de
1040 533 1191 574 tumba
1216 538 1388 573 sanctae
1416 531 1682 572 Katherinae
1709 545 1806 571 cum
1829 529 1925 570 aliis

390 601 593 657 reliquiis.
654 602 854 643 dominus
889 602 1067 643 Thomas
1095 602 1309 657 quondam
1339 616 1470 642 comes
1499 600 1777 642 Lama-striae
1804 598 1925 640 dedit

389 677 519 726 caput
541 677 714 712 sanctae
736 671 920 713 Ursulae
942 686 1039 712 cum
1062 670 1156 711 aliis
1179 669 1370 725 reliquiis
1392 669 1597 724 ejusdem.

477 740 533 780 Et
557 740 879 781 memorandum
901 739 954 781 de
976 739 1169 794 reliquiis
1190 738 1441 794 quingentis
1458 745 1502 780 et
1524 738 1720 795 pluribus
1738 737 1926 778 inventis

390 816 478 851 tam
512 810 556 850 in
583 809 761 858 feretris,
783 809 968 850 brachiis
990 816 1035 850 et
1063 809 1158 850 aliis
1184 808 1410 863 jocalibus,
1432 808 1524 849 sine
1554 808 1720 857 titulis:
1756 813 1928 862 praeter
1948 820 1964 848 5

389 879 483 920 illas
515 894 624 935 quae
652 879 697 920 in
729 879 908 920 diversis
938 878 1113 934 capellis
1146 878 1275 933 hujus
1308 878 1386 918 1001
1417 888 1461 919 et
1490 878 1621 919 etiam
1653 878 1695 918 in
1729 876 1927 918 crucibus

389 949 690 997 reconduntur,
712 948 765 990 de
786 948 944 1004 quibus
965 948 1080 988 inter
1104 947 1210 988 alias
1235 947 1519 1002 praescriptas
1542 946 1660 986 nulla
1681 947 1730 987 fit
1754 946 1925 987 mentio.

477 1018 644 1072 Regina
671 1017 899 1065 Elizabeth,
923 1017 1011 1058 filia
1033 1016 1203 1057 comitis
1226 1017 1396 1065 Revers,

476 1200 728 1256 Capitulum
758 1199 1080 1256 quindecimum
1107 1198 1303 1254 sequitur
1331 1197 1383 1238 de
1409 1197 1692 1253 indulgentiis
1721 1197 1928 1238 concessis

388 1268 732 1311 benefactoribus
755 1268 1129 1310 Westmonasterii
1151 1273 1196 1309 et
1218 1266 1517 1308 habitantibus
1538 1265 1711 1307 ibidem.

475 1361 689 1402 Omnibus
712 1375 807 1401 vere
829 1359 1155 1415 paenitentibus
1177 1364 1221 1399 et
1243 1358 1456 1406 confessis,
1472 1358 1584 1398 bona
1606 1356 1705 1397 huic
1727 1356 1928 1397 ecclesiae

388 1436 431 1472 et
461 1429 760 1471 habitantibus
789 1429 832 1469 in
868 1443 918 1469 ea
949 1427 1207 1468 facientibus
1239 1442 1314 1468 seu
1342 1427 1682 1482 procurantibus
1709 1425 1927 1481 quotiens-

386 1515 570 1556 cumque
606 1499 961 1556 quandocumque
999 1505 1042 1539 et
1080 1498 1353 1553 ubicumque,
1384 1497 1472 1539 xvii
1509 1497 1609 1538 anni
1648 1504 1692 1538 et
1733 1512 1802 1538 ccc
1837 1497 1928 1538 dies

387 1570 680 1612 conceduntur
707 1576 752 1611 et
776 1569 986 1625 septimae
1012 1568 1148 1624 partis
1174 1568 1463 1609 criminalium
1490 1569 1695 1617 remissio,
1716 1569 1927 1609 omnium-

387 1656 470 1696 que
486 1640 791 1682 beneficiorum
808 1638 1101 1695 spiritualium
1124 1638 1169 1679 in
1192 1638 1270 1679 hac
1292 1638 1440 1679 eadem
1465 1638 1642 1680 ecclesia
1663 1644 1707 1680 et
1729 1638 1928 1679 omnibus
1972 1659 1987 1687 ,ς

387 1709 575 1751 ecclesiis
591 1709 873 1750 confederatis
889 1708 1041 1757 eidem,
1058 1714 1102 1749 et
1120 1707 1164 1748 in
1181 1723 1263 1748 xxv
1282 1708 1377 1749 aliis
1395 1708 1584 1749 ecclesiis
1598 1708 1928 1756 cathedralibus

387 1779 673 1835 participatio.
740 1778 824 1819 illis
855 1777 988 1819 etiam
1020 1777 1095 1833 qui
1126 1777 1181 1818 ad
1212 1777 1416 1818 fabricam
1449 1784 1493 1819 et
1524 1777 1609 1818 alia
1640 1793 1767 1833 opera
1799 1777 1928 1833 hujus

388 1849 468 1891 1001
491 1864 643 1890 manus
663 1848 933 1905 porrexerint
959 1847 1204 1903 adjutrices,
1226 1862 1303 1888 sua
1326 1848 1525 1889 dederint
1551 1854 1629 1889 aut
1657 1848 1701 1888 in
1724 1847 1928 1889 extremis

388 1919 638 1975 legaverint,
672 1919 748 1960 xiii
785 1918 886 1960 anni
921 1924 965 1959 et
994 1934 1018 1959 v
1052 1917 1143 1959 dies
1179 1918 1391 1959 concessi:
1422 1918 1475 1959 de
1505 1917 1662 1973 quibus
1698 1933 1723 1958 a
1755 1917 1927 1958 domino

388 2003 500 2044 papa
516 1988 762 2030 Alexandro
779 2003 891 2029 unus
907 2002 1045 2028 annus
1064 1993 1108 2028 et
1130 1987 1171 2027 xl
1189 1987 1291 2037 dies,
1309 2003 1333 2028 a
1354 1987 1527 2028 domino
1544 2002 1656 2043 papa
1674 1987 1928 2028 Innocentio
1950 2008 1964 2029 2

390 2072 501 2099 unus
531 2073 680 2107 annus,
713 2073 738 2098 a
769 2056 941 2098 domino
978 2056 1200 2098 Octobono
1236 2056 1441 2097 cardinali
1476 2062 1520 2097 et
1558 2056 1700 2111 legato
1741 2056 1783 2096 xl
1825 2056 1926 2098 dies.

388 2127 463 2183 qui
500 2143 598 2169 vero
634 2127 679 2168 in
714 2127 783 2168 die
820 2126 1102 2168 dedicationis
1145 2127 1273 2182 hujus
1310 2126 1511 2167 ecclesiae
1547 2126 1676 2181 digne
1713 2126 1929 2175 affuerint,

390 2196 465 2238 viii
497 2198 599 2238 anni
631 2197 807 2238 cclxxxv
837 2196 954 2238 dies:
986 2196 1100 2237 unde
1129 2211 1153 2237 a
1178 2196 1351 2237 domino
1376 2211 1488 2251 papa
1517 2195 1770 2236 Innocentio
1798 2195 1858 2235 iv0
1886 2195 1926 2236 xl

392 2267 495 2316 dies,
526 2282 551 2308 a
581 2266 754 2308 domino
786 2266 997 2307 Nicholao
1028 2265 1088 2306 iv⁰
1119 2280 1231 2321 papa
1262 2280 1374 2306 unus
1405 2280 1544 2306 annus
1578 2265 1619 2305 xl
1651 2265 1753 2306 dies.

476 2337 690 2380 Omnibus
707 2343 855 2378 autem
872 2336 946 2392 qui
964 2336 1007 2377 in
1026 2336 1244 2377 solemniis
1261 2335 1413 2377 diebus
1430 2335 1593 2376 domini
1610 2350 1687 2390 per
1703 2350 1862 2376 annum
1883 2341 1928 2376 et
1950 2355 1964 2375 2

388 2408 432 2449 in
450 2408 570 2449 festis
590 2408 743 2449 beatae
760 2406 829 2448 dei
845 2405 1078 2461 genetricis
1099 2405 1273 2454 Mariae,
1291 2419 1455 2446 necnon
1477 2405 1505 2445 J
1509 2404 1689 2445 ohannis
1710 2404 1927 2460 baptistae

387 2484 431 2519 et
462 2477 655 2519 omnium
686 2477 988 2533 apostolorum,
1020 2481 1271 2530 martyrum,
1303 2474 1602 2522 confessorum,
1635 2473 1852 2530 virginum
1884 2480 1928 2514 et

388 2553 692 2596 matronarum,
724 2561 905 2601 quorum
939 2550 982 2585 et
1014 2559 1197 2600 quarum
1234 2543 1441 2598 reliquiae
1479 2542 1522 2582 in
1560 2543 1638 2583 hoc
1670 2543 1928 2584 monasterio

389 2616 605 2657 habentur
625 2614 696 2667 (de
718 2613 876 2670 quibus
901 2629 1031 2669 supra
1057 2613 1247 2668 capitulo
1276 2612 1328 2653 de
1357 2612 1549 2667 reliquiis
1578 2612 1748 2667 plenius
1774 2614 1927 2667 patet),

390 2692 434 2727 et
470 2685 545 2741 qui
582 2684 722 2725 missis
755 2683 937 2738 aliisque
977 2682 1136 2724 divinis
1173 2682 1321 2723 officiis
1354 2682 1427 2737 pia
1459 2688 1605 2723 mente
1638 2682 1843 2723 affuerint
1883 2689 1927 2723 et

390 2753 677 2803 interfuerint,
701 2753 758 2794 xii
787 2753 888 2793 anni
917 2751 1155 2807 nonaginta
1182 2751 1373 2807 quinque
1403 2751 1518 2792 dies:
1550 2757 1594 2792 et
1624 2751 1733 2792 infra
1758 2757 1928 2792 octavas

390 2824 583 2865 omnium
612 2824 817 2864 festorum
851 2821 1167 2878 praedictorum
1199 2821 1356 2862 cotidie
1386 2821 1428 2861 iv
1457 2821 1558 2862 anni
1590 2836 1693 2861 ccxx
1721 2821 1823 2862 dies.
1884 2822 1928 2863 in

390 2892 594 2948 martyrio
619 2891 793 2947 quidem
819 2891 1108 2947 apostolorum
1136 2890 1253 2931 Petri
1279 2896 1323 2931 et
1354 2890 1475 2930 Pauli
1502 2895 1546 2931 et
1567 2890 1620 2930 ad
1644 2889 1814 2931 vincula
1843 2890 1929 2931 xvii

389 2962 491 3004 anni
512 2962 613 3003 cxiii
634 2962 725 3004 dies
748 2968 792 3003 et
808 2961 1000 3002 remissio
1017 2960 1227 3016 septimae
1244 2960 1379 3016 partis
1397 2959 1682 3001 criminalium
1706 2975 1754 3000 ac
1775 2960 1929 3001 tertiae

389 3032 525 3088 partis
554 3032 767 3073 minorum
797 3031 1049 3073 delictorum
1086 3030 1392 3079 conceduntur,
1424 3030 1702 3086 omniumque
1730 3030 1928 3072 benefici-
1974 3054 1990 3083 5

390 3117 510 3142 orum
551 3100 842 3157 spiritualium
879 3100 1008 3155 hujus
1051 3099 1300 3141 monasterii
1337 3105 1381 3140 et
1422 3099 1614 3140 omnium
1657 3099 1927 3140 ecclesiarum

455 3217 475 3247 4
499 3226 559 3247 om.
577 3216 623 3247 Et
641 3216 697 3256 Sp.
919 3217 938 3246 8
962 3214 1277 3254 Regina—Revers]
1294 3224 1354 3246 om.
1377 3213 1434 3253 Sp.
1449 3223 1455 3244 ε
1483 3214 1521 3243 11
1540 3213 1627 3244 lines
1644 3213 1706 3244 lest
1723 3212 1825 3244 blank
1842 3213 1930 3244 after

390 3268 460 3300 this
476 3269 512 3300 in
529 3268 580 3301 W.

1954 1279 1989 1299 10

1950 2701 1990 2730 30
