2385 3891
132 1306 243 1338 Relics
260 1307 297 1338 of
311 1307 370 1338 the

134 1350 275 1382 Saviour
289 1363 297 1388 ;

131 2277 181 2309 of.
199 2288 232 2318 p.
248 2278 336 2315 19,1.
352 2279 392 2311 27

131 3032 165 3062 of
181 3031 238 3063 the
253 3032 392 3065 Blessed

129 3074 247 3115 Virgin
259 3088 267 3114 ;

1035 417 1140 466 The
1175 416 1348 467 Relics
1894 422 1957 467 69

419 539 626 581 fabricata
663 546 740 590 est,
771 557 900 597 quam
938 541 1050 583 idem
1094 542 1199 584 caeli
1236 542 1423 598 claviger
1458 542 1501 583 in
1538 541 1693 598 spiritu
1731 541 1957 584 dedicavit.

418 607 469 648 ad
504 623 629 663 quem
664 609 802 650 locum
837 625 956 666 reges
988 616 1032 652 et
1068 610 1283 667 principes
1318 611 1392 652 alii
1430 626 1599 667 quoque
1637 611 1799 652 nobiles
1835 611 1958 666 plura

418 682 661 718 sanctorum
695 693 868 734 corpora
897 685 941 720 et
972 679 1176 735 reliquias
1207 680 1415 736 pretiosas
1446 687 1728 736 procurarunt
1753 687 1797 722 et
1818 680 1958 721 adhuc

418 745 567 787 offerre
595 762 677 788 uon
704 755 883 798 cessant,
909 754 1126 804 quatenus
1152 750 1311 791 sanctis
1337 749 1390 790 ad
1417 750 1608 806 gloriam,
1630 750 1958 805 procurantibus

417 815 471 856 ad
493 816 744 871 praemium,
767 818 968 859 ecclesiae
990 818 1090 860 huic
1116 819 1169 860 ad
1199 819 1412 869 honorem,
1435 826 1478 861 et
1506 820 1663 876 populo
1689 820 1957 861 concurrenti
1979 839 1994 867 ,ς

417 883 470 924 ad
512 884 782 926 devotionem
822 892 866 927 et
908 885 1225 941 indulgentiam
1262 887 1496 943 proficiant.
1572 888 1684 930 unde
1722 895 1771 930 ut
1812 904 1957 930 recens

418 952 623 993 memoria
658 953 710 994 de
744 953 871 995 dictis
908 953 1100 1009 reliquiis
1137 970 1370 1011 eorumque
1403 956 1626 998 datoribus
1660 956 1705 997 in
1740 957 1955 1012 praesenti

419 1022 676 1063 monasterio
699 1022 1071 1064 Westmonasterii
1100 1038 1269 1079 semper
1295 1025 1517 1075 habeatur,
1539 1026 1686 1081 quales
1708 1032 1752 1067 et
1774 1041 1955 1081 quorum

418 1091 622 1147 reliquiae
655 1098 911 1141 sanctorum,
935 1092 1110 1149 insuper
1138 1108 1318 1149 quorum
1346 1093 1636 1135 oblationibus
1662 1094 1761 1135 huic
1790 1110 1955 1136 monas-

418 1160 527 1202 terio
555 1162 735 1203 collatae
765 1168 879 1211 sunt,
902 1162 943 1203 in
967 1162 1249 1218 sequentibus
1270 1162 1452 1219 dignum
1478 1163 1692 1205 credimus
1718 1164 1956 1205 memorari.
1980 1184 2017 1206 ιο

418 1236 462 1271 et
483 1229 620 1285 primo
639 1247 646 1272 :

504 1300 568 1341 De
608 1300 799 1355 reliquiis
838 1301 1072 1343 salvatoris.
1135 1316 1206 1342 rex
1248 1301 1442 1343 Sebertus
1482 1301 1698 1356 quondam
1740 1308 1960 1357 reparator

417 1369 546 1424 hujus
569 1369 647 1410 loci
669 1370 854 1412 contulit
880 1370 1082 1426 reliquias
1111 1370 1165 1411 de
1195 1370 1401 1412 stramine
1423 1371 1640 1426 quondam
1669 1371 1713 1412 in
1736 1372 1958 1428 praesepio

416 1437 591 1487 Christi,
612 1444 756 1494 partes
787 1439 839 1479 de
871 1454 994 1480 cruce
1026 1444 1070 1480 et
1096 1439 1148 1480 de
1177 1439 1371 1494 sepulcro
1399 1439 1504 1495 ejus.
1566 1440 1843 1482 Athelstcmus
1871 1456 1957 1490 rex,

414 1506 467 1547 de
489 1521 611 1547 cruce
634 1512 678 1547 et
700 1507 752 1548 de
774 1507 968 1562 sepulcro
989 1507 1165 1556 domini,
1188 1513 1232 1548 et
1254 1507 1306 1549 de
1331 1508 1550 1550 montibus
1573 1508 1735 1550 Oliveti
1758 1515 1802 1551 et
1824 1509 1956 1552 Sinai,
1980 1529 2015 1560 ¹5

415 1577 668 1619 Ethelredzcs
689 1593 774 1627 rex,
795 1577 848 1619 de
870 1578 1064 1634 sepulcro
1087 1584 1131 1619 et
1153 1578 1294 1634 sigillo
1316 1578 1501 1634 sepulcri
1526 1578 1702 1629 domini,
1726 1580 1779 1621 de
1802 1580 1957 1621 monti-

415 1646 494 1687 bus
531 1646 714 1696 Thabor,
746 1646 970 1688 Calvariae
1005 1652 1049 1688 et
1082 1646 1258 1697 Oliveti,
1289 1647 1342 1689 de
1379 1648 1468 1689 loco
1505 1648 1579 1689 ubi
1618 1648 1722 1689 lavit
1759 1649 1958 1689 dominus

413 1715 719 1771 discipulorum
752 1716 893 1772 pedes,
915 1716 967 1758 de
999 1717 1174 1772 templo,
1202 1723 1247 1758 et
1279 1717 1331 1759 de
1363 1718 1563 1773 rubigine
1592 1718 1755 1760 cultelli
1783 1718 1958 1768 domini,

413 1785 465 1826 de
488 1785 740 1841 fragmentis
762 1786 933 1842 quando
956 1786 1077 1842 pavit
1098 1786 1289 1843 quinque
1313 1787 1432 1828 milia
1455 1788 1688 1838 hominum,
1711 1788 1763 1830 de
1786 1789 1958 1844 myrrha

415 1860 459 1895 et
481 1855 594 1896 aloes
616 1855 773 1911 quibus
795 1856 878 1897 fuit
902 1862 1058 1897 unctus
1080 1855 1124 1897 in
1147 1857 1350 1913 sepulcro.
1422 1863 1595 1899 sanctus
1618 1858 1862 1900 Edwardus
1883 1874 1955 1899 rex
1976 1881 2017 1902 20

416 1931 460 1966 et
477 1925 688 1967 confessor
710 1925 870 1967 obtulit
891 1926 944 1968 de
967 1926 1056 1967 loco
1078 1926 1153 1968 ubi
1174 1933 1303 1968 natus
1326 1927 1409 1968 fuit
1432 1927 1645 1978 Christus,
1661 1928 1713 1970 de
1736 1929 1956 1985 praesepio

416 2000 460 2035 et
476 1994 529 2035 de
551 1995 776 2036 cunabulis
797 1995 901 2051 ejus,
923 1995 975 2036 de
1003 1995 1131 2037 thure
1157 1996 1301 2038 oblato
1327 1997 1511 2046 domino,
1534 1997 1586 2039 de
1614 2013 1761 2039 mensa
1781 1998 1956 2047 domini,

415 2064 467 2105 (le
489 2079 598 2120 pane
616 2080 743 2120 quem
766 2065 1000 2114 benedixit,
1017 2066 1070 2107 de
1091 2066 1191 2108 sede
1209 2067 1284 2108 ubi
1306 2074 1607 2123 praesentatus
1629 2074 1694 2110 est
1717 2069 1761 2109 in
1783 2070 1956 2125 templo,

414 2134 466 2175 de
488 2141 698 2190 quarenta
721 2135 794 2176 ubi
810 2135 1041 2191 jejunavit,
1063 2136 1115 2177 de
1138 2152 1302 2178 carcere
1325 2137 1399 2179 ubi
1423 2143 1515 2179 erat
1532 2138 1732 2189 inclusus,
1755 2154 1952 2195 magnam

413 2206 579 2256 partem
610 2207 782 2243 sanctae
810 2201 946 2243 crucis
968 2202 1012 2243 in
1034 2203 1219 2258 quadam
1251 2219 1374 2245 cruce
1396 2205 1506 2246 bene
1532 2211 1684 2247 ornata
1713 2212 1756 2247 et
1782 2206 1955 2262 cognita
1975 2227 2013 2258 ²5

413 2285 510 2311 cum
532 2271 682 2312 multis
703 2271 798 2313 aliis
820 2272 1016 2328 partibus
1039 2273 1244 2330 ejusdem.
1306 2275 1427 2317 dedit
1450 2275 1582 2317 etiam
1612 2291 1779 2318 crucem
1802 2282 1953 2318 natan-

414 2347 514 2390 tem,
555 2356 664 2396 quae
706 2348 854 2383 contra
895 2342 1076 2384 fluctum
1119 2344 1248 2386 maris
1289 2351 1333 2386 et
1370 2352 1549 2387 ventum
1592 2346 1730 2388 eidem
1774 2346 1863 2402 regi
1901 2347 1953 2388 de

414 2410 682 2452 Normannia
703 2413 937 2454 revertenti
958 2414 1172 2469 apparuit,
1195 2420 1240 2456 et
1262 2415 1316 2457 ab
1338 2431 1387 2457 eo
1409 2422 1536 2472 capta
1558 2423 1648 2467 est,
1685 2423 1729 2458 et
1753 2432 1952 2473 magnam

413 2485 579 2533 partem
622 2480 750 2521 unius
791 2481 911 2531 clavi,
953 2488 1120 2537 partem
1164 2483 1337 2525 tunicae
1377 2484 1540 2525 domini
1583 2485 1865 2534 inconsutilis,
1900 2485 1952 2526 de

413 2563 611 2605 spongea,
645 2550 791 2591 lancea
822 2556 866 2591 et
897 2551 1085 2606 corrigea
1115 2552 1273 2607 quibus
1304 2553 1519 2595 cruciatus
1551 2554 1645 2604 fuit,
1676 2554 1729 2595 de
1759 2555 1952 2610 sepulcro
1972 2574 2013 2603 30

415 2624 458 2658 et
500 2618 640 2673 lapide
689 2619 912 2675 supposito
955 2620 1087 2676 capiti
1133 2621 1239 2676 ejus,
1279 2622 1332 2663 de
1384 2623 1603 2664 montibus
1650 2624 1866 2679 Golgotha
1907 2630 1951 2665 et

415 2686 647 2728 Calvariae.
708 2703 781 2729 rex
817 2688 1030 2731 Heu-ricus
1055 2690 1202 2732 tertius
1230 2691 1414 2732 contulit
1445 2692 1701 2747 sanguinem
1733 2692 1785 2734 de
1818 2693 1950 2734 latere

417 2756 590 2806 Christi,
608 2757 785 2799 missum
804 2758 856 2800 de
874 2759 1114 2801 Jerusalem
1133 2760 1273 2802 eidem
1292 2776 1367 2816 per
1382 2761 1671 2817 patriarcham
1695 2761 1950 2812 Robertum,

415 2826 519 2867 item
543 2826 709 2882 spinam
732 2827 784 2869 de
806 2843 958 2869 corona
980 2828 1156 2879 Christi,
1179 2837 1222 2871 et
1245 2830 1432 2887 lapidem
1454 2831 1506 2873 de
1529 2831 1807 2888 impressione
1830 2833 1950 2888 pedis

414 2895 576 2937 Christi
603 2897 741 2938 caelos
771 2897 1054 2948 ascendentis,
1086 2898 1193 2941 item
1224 2915 1424 2956 magnam
1451 2908 1619 2957 partem
1649 2902 1871 2957 sanguinis
1897 2902 1948 2944 de
1970 2918 2007 2948 35

416 2965 632 3008 miraculo.

498 3033 562 3074 De
582 3034 777 3089 reliquiis
799 3035 941 3077 beatae
961 3036 1141 3091 viryz'nis
1156 3037 1338 3080 Mariae.
1400 3038 1587 3080 Sanctus
1609 3039 1854 3082 Edwardas
1874 3056 1947 3082 rex

413 3108 456 3143 et
478 3103 689 3144 confessor
709 3104 892 3145 contulit
915 3105 1057 3160 plures
1075 3112 1219 3161 partes
1235 3107 1288 3148 de
1307 3107 1578 3149 vestimentis
1600 3108 1751 3150 beatae
1769 3109 1947 3166 virginis

413 3171 586 3220 Mariae,
617 3171 669 3212 de
701 3171 834 3213 linteo
865 3173 978 3228 quod
1010 3174 1103 3229 ipsa
1133 3175 1287 3225 texuit,
1317 3176 1370 3217 de
1402 3177 1590 3218 fenestra
1620 3177 1664 3217 in
1697 3193 1781 3233 qua
1821 3179 1946 3220 stetit

1071 3251 1090 3282 6
1114 3252 1167 3290 ut]
1181 3254 1216 3283 et
1232 3251 1291 3291 Sp.
