2385 3891
189 1239 383 1270 Confirmed
400 1239 443 1278 by

188 1282 245 1314 the
262 1292 348 1322 pope
366 1283 420 1321 (cf.

190 1326 384 1357 ‘Domesd.’

186 1369 208 1401 f.
231 1369 324 1410 120);

184 1651 244 1682 but
262 1660 345 1682 soon

185 1694 382 1726 afterwards

185 1737 329 1769 reduced
347 1741 381 1768 to
398 1748 417 1769 a

185 1781 385 1812 reasonable

185 1824 286 1856 limit.

186 2137 236 2169 Cf.
257 2138 449 2170 ¹Domesd.'

186 2181 207 2212 s.
228 2182 288 2211 121
301 2183 329 2214 b.

477 411 570 456 112
777 409 960 458 Flete’s
995 409 1219 472 History
1256 409 1323 472 os
1358 409 1702 458 Westminster

474 533 604 574 fuerit
636 533 778 574 omnia
809 533 1029 588 praedicta
1054 538 1156 572 sunt
1184 532 1424 587 implendag
1458 532 1679 587 assignans
1701 533 1841 574 eidem
1864 547 2007 573 manc-

471 602 581 644 rium
597 602 649 643 de
665 596 932 657 Hampstede
947 607 991 642 et
1005 601 1244 642 manerium
1262 601 1314 642 de
1332 601 1488 642 Stokes
1505 616 1603 642 cum
1620 601 1707 643 suis
1721 600 2008 658 pertinentiis,

472 677 611 712 totum
654 671 872 712 redditum
914 670 966 712 de
1004 685 1130 711 socna
1166 670 1219 711 de
1256 671 1400 719 Moun,
1438 676 1482 712 et
1524 671 1627 712 alios
1663 671 1869 720 redditus,
1906 676 2008 720 etc.;

471 739 844 780 excommunicans
866 754 1012 780 omnes
1034 739 1139 789 illos,
1163 755 1248 780 una
1273 755 1370 780 cum
1397 740 1597 781 omnibus
1619 740 1879 796 presbyteris
1901 740 2007 781 dicti

472 808 717 849 monasterii
740 808 783 848 in
808 823 941 849 unum
964 808 1245 864 congregatis,
1267 807 1341 864 qui
1372 808 1668 850 fraudulenter
1695 815 1738 849 et
1765 808 1926 864 injuste
1955 809 2007 850 de
2029 827 2045 856 5

471 878 549 918 hac
577 877 844 919 ordinatione
871 877 1035 933 aliquid
1060 877 1355 919 subtraxerint
1381 884 1425 919 et
1454 878 1499 918 in
1527 878 1631 919 alios
1660 893 1761 919 usus
1789 884 2007 934 permuta-

472 947 630 997 verint,
661 947 812 1003 sigillis
829 946 992 988 domini
1007 947 1130 1003 regis,
1148 946 1357 1003 praedicti
1379 946 1562 996 abbatis,
1584 953 1628 988 et
1649 952 1885 988 conventus
1907 946 2008 988 huic

471 1017 730 1058 ordinationi
766 1016 998 1073 appositis,
1044 1017 1147 1058 data
1183 1017 1225 1057 in
1265 1017 1454 1072 capitulo
1491 1016 1560 1058 die
1599 1017 1778 1058 Veneris
1814 1017 2008 1073 proxima

469 1092 566 1142 post
598 1087 755 1128 festum
785 1091 956 1128 sanctae
990 1087 1213 1128 Barnabae
1240 1086 1422 1142 apostoli
1451 1102 1563 1127 anno
1592 1086 1753 1128 domini
1780 1086 2007 1128 millesimo

470 1156 618 1198 cclviw.
2031 1171 2070 1192 10

556 1224 798 1280 Acquisivit
854 1224 987 1266 etiam
1043 1224 1410 1265 confirmationem
1467 1223 1571 1265 dicti
1624 1223 1903 1265 anniversarii
1953 1224 2008 1265 ab

469 1295 713 1336 Alexandro
743 1310 855 1351 papa
886 1294 945 1335 ivO
976 1294 1020 1335 in
1053 1294 1157 1335 haec
1195 1294 1344 1335 verba:
1386 1293 1631 1335 Alexander
1665 1293 1887 1349 episcopus
1923 1309 2007 1335 ser-

471 1380 547 1405 vus
576 1379 792 1405 servorum
822 1363 891 1405 dei
917 1363 1073 1404 dilecto
1098 1363 1185 1404 filio
1213 1363 1405 1410 Ricardo,
1437 1363 1655 1419 capellano
1683 1369 1838 1412 nostro,
1860 1363 2007 1404 abbati

471 1433 854 1483 VVestmonasterii,
876 1441 954 1475 ete.
1027 1439 1070 1475 et
1092 1433 1224 1475 infra:
1259 1434 1462 1475 Volentes
1486 1439 1534 1475 ut
1549 1433 1678 1489 hujus
1693 1439 1769 1474 tua
1785 1433 2008 1489 dispositio

468 1505 689 1560 perpetuis
732 1505 996 1560 temporibus
1032 1504 1340 1545 inviolabiliter
1375 1505 1636 1553 observetur,
1670 1504 1713 1545 id
1749 1503 2007 1545 auctoritate
2032 1521 2068 1553 15

469 1573 700 1629 apostolica
732 1574 1041 1615 confirmamus.

556 1643 642 1685 Sed
684 1643 858 1684 tandem
901 1650 996 1699 post
1038 1643 1205 1685 obitum
1246 1643 1416 1684 abbatis
1457 1642 1664 1698 praedicti
1706 1642 1816 1683 infra
1862 1643 2005 1684 decem

469 1728 613 1759 annos,
630 1713 862 1768 impetrata
884 1713 1200 1754 modificatione
1222 1728 1351 1768 super
1372 1712 1518 1753 eodem
1543 1712 1831 1754 anniversario
1852 1728 1877 1753 a
1898 1728 2010 1769 papa

469 1780 693 1823 Clemente
717 1782 787 1831 iv0,
804 1797 880 1837 per
901 1782 1214 1823 ordinationem
1236 1781 1406 1822 abbatis
1435 1781 1486 1822 de
1511 1782 1730 1822 Waltham
1759 1782 2006 1823 etaliorum

470 1851 514 1892 in
547 1851 624 1892 hac
650 1859 771 1907 parte
791 1851 990 1907 judicum
1017 1852 1324 1907 delegatorum,
1353 1851 1407 1892 ad
1437 1851 1700 1892 moderatam
1734 1853 1911 1893 formam
1945 1867 2008 1894 re·
2030 1872 2072 1894 20

470 1921 642 1961 dactum
667 1927 755 1971 est,
787 1920 986 1962 videlicet
1008 1936 1084 1976 pro
1106 1921 1395 1962 anniversario
1423 1921 1642 1977 praedicto
1668 1921 1815 1962 decem
1845 1937 2010 1964 marcae

470 1989 514 2030 in
536 1995 793 2045 perpetuum
816 1989 1103 2045 assignentur,
1123 1996 1251 2046 prout
1273 1990 1317 2030 in
1340 1990 1486 2031 littera
1508 1989 1677 2031 abbatis
1702 1990 1754 2031 de
1781 1988 2012 2046 Certeseya

470 2059 728 2101 auctoritate
750 2059 911 2101 domini
935 2059 1174 2102 Clementis
1196 2076 1330 2116 papae
1354 2060 1395 2101 iv
1421 2059 1590 2116 plenius
1616 2059 1873 2109 continetur,
1901 2075 2010 2116 quae

470 2129 528 2170 sic
542 2128 726 2185 incipit:
750 2128 864 2169 Viris
882 2129 1198 2171 venerabilibus
1220 2136 1264 2171 et
1286 2130 1507 2186 religiosis,
1520 2129 1693 2171 domino
1716 2130 1765 2171 R.
1781 2129 1849 2170 dei
1870 2130 2012 2186 gratia

471 2198 618 2239 abbati
649 2198 1114 2248 Westmonasteriensi,
1144 2206 1222 2241 etc.
1296 2206 1340 2241 et
1364 2199 1495 2240 infra:
1528 2199 1620 2240 Nos
1650 2199 1785 2254 igitur
1812 2199 1925 2254 quod
1957 2200 2011 2241 ab
2030 2216 2068 2247 25

472 2267 619 2308 eodem
665 2267 822 2309 abbate
864 2267 916 2308 de
959 2268 1179 2309 Waltham
1223 2275 1267 2309 et
1308 2284 1333 2309 a
1374 2268 1494 2310 vobis
1536 2269 1695 2310 factum
1740 2276 1805 2309 est
1846 2269 1890 2309 in
1933 2269 2011 2310 hac

471 2341 592 2391 parte
618 2341 761 2377 ratum
790 2337 1010 2386 habentes,
1041 2352 1111 2378 vos
1141 2343 1185 2378 et
1214 2337 1404 2393 singulos
1427 2344 1630 2386 vestrum,
1652 2337 1726 2392 qui
1749 2337 2010 2379 sententiam

472 2405 718 2461 hujusmodi
753 2406 929 2447 forsitan
961 2406 1245 2455 incurrerunt,
1274 2406 1534 2448 auctoritate
1563 2405 1686 2447 nobis
1712 2405 1756 2446 in
1785 2406 1864 2447 hac
1889 2414 2010 2462 parte

471 2472 696 2513 commissa
735 2473 1006 2515 absolvimus.
1069 2480 1113 2515 et
1154 2489 1283 2530 super
1321 2473 1652 2530 irregularitate,
1693 2473 1728 2514 si
1768 2489 1897 2528 quam
1939 2489 2011 2515 vos

471 2541 749 2583 immiscendo
777 2541 936 2583 divinis
961 2542 1181 2583 sententia
1207 2542 1427 2598 praedicta
1453 2541 1577 2598 ligati
1608 2541 1864 2590 incurristis,
1893 2542 2012 2585 vobis
2031 2562 2072 2592 30

470 2626 567 2652 cum
596 2611 855 2652 auctoritate
881 2611 1128 2666 hujusmodi
1161 2611 1470 2667 dispensamus,
1498 2612 1615 2653 vobis
1644 2611 1688 2652 in
1720 2612 2010 2653 remissionem

469 2687 739 2736 peccatorum
763 2686 807 2722 et
836 2680 1007 2722 nomine
1037 2681 1332 2736 paenitentiae
1361 2681 1639 2737 injungentes
1669 2687 1718 2722 ut
1743 2681 2012 2737 praedictum

469 2749 614 2790 decem
654 2765 890 2790 marcarum
928 2749 1145 2791 redditum
1183 2750 1227 2790 in
1265 2765 1367 2791 usus
1403 2750 1682 2792 anniversarii
1719 2751 1927 2807 praedicti
1959 2752 2011 2793 de

469 2825 637 2861 caetero
668 2819 855 2860 fideliter
886 2819 1156 2875 dispensetis,
1188 2826 1266 2862 etc.

559 2888 807 2929 Praedictus
836 2894 982 2929 autem
1012 2903 1085 2928 rex
1114 2903 1225 2928 anno
1254 2887 1375 2943 regni
1404 2888 1471 2929 sui
1499 2888 1593 2929 xliiO
1615 2889 1912 2932 <mandavit>
1936 2905 2013 2946 per
2031 2907 2070 2937 35

472 2956 637 2998 litteras
659 2972 757 2997 suas
779 2956 899 2997 Adae
922 2957 1089 3012 Ayston
1112 2956 1278 2997 custodi
1300 2957 1500 2998 abbatiae
1531 2957 2011 3009 westmonasteriensis,

470 3027 582 3082 quod
619 3041 715 3067 cum
750 3026 860 3067 bona
893 3026 1045 3081 prioris
1079 3032 1123 3067 et
1160 3032 1397 3067 conventus
1433 3026 1804 3068 Westmonasterii
1837 3028 2012 3083 penitus

470 3103 666 3152 separata
687 3096 775 3137 sint
796 3112 821 3136 a
849 3095 1043 3151 portione
1072 3095 1243 3137 abbatis
1272 3096 1465 3151 ejusdem
1495 3095 1587 3145 loci,
1615 3096 1668 3137 de
1697 3096 1819 3138 bonis
1846 3103 1890 3139 et
1918 3113 2012 3153 por-

470 3165 660 3207 tionibus
680 3165 734 3206 ad
756 3165 869 3220 ipsos
890 3164 1073 3220 priorem
1096 3171 1140 3206 et
1162 3170 1420 3206 conventum
1443 3164 1741 3220 spectantibus
1763 3166 1807 3207 in
1828 3167 1946 3208 nullo
1968 3182 2012 3209 se

687 3251 726 3282 14
750 3250 830 3282 hius
846 3250 878 3282 d.
1199 3250 1242 3282 30
1264 3250 1301 3282 in
1317 3249 1493 3282 miscendo
1510 3250 1562 3283 W.
1573 3287 1590 3293 α
1606 3250 1710 3291 legati
1726 3250 1779 3284 W.
