2385 3891
93 1694 229 1728 Similar

91 1737 244 1770 charters
260 1736 297 1768 of

93 1781 133 1813 K.
150 1781 270 1821 Henry
285 1779 320 1810 ΙΙ

93 1825 162 1858 and

95 1869 135 1900 K.
148 1866 297 1900 Richard
313 1866 340 1897 I.

94 2007 196 2039 From
213 2017 233 2038 a

96 2051 229 2083 charter
245 2049 282 2082 of

97 2095 137 2126 Κ.
156 2093 318 2133 Stephen.

99 2138 150 2170 cf.
171 2137 326 2168 ‘Domes-

98 2181 180 2222 day'
198 2181 220 2213 f.
242 2181 294 2213 59.

997 414 1244 462 Charters
1826 405 1887 449 55

364 541 852 586 Westmonasteriensis:
885 540 929 580 in
951 554 1035 594 qua
1057 536 1233 579 ecclesia
1255 549 1333 590 ego
1355 533 1446 574 oleo
1468 535 1640 571 sanctae
1663 525 1891 571 unctionis,

359 615 471 657 sicut
512 619 556 655 et
596 612 728 653 ceteri
769 617 870 652 ante
913 624 980 650 me
1033 622 1166 663 reges,
1206 610 1452 661 perunctus,
1503 599 1604 655 quia
1653 597 1725 638 ille
1777 595 1892 635 locus

360 683 603 739 antiquitus
639 695 787 736 regum
827 676 1156 720 consecrationis
1192 674 1322 715 fuisse
1354 668 1635 726 cognoscitur,
1667 672 1711 707 et
1741 677 1894 705 corona

360 752 482 809 regni
503 767 529 792 a
549 751 628 791 deo
649 764 725 805 per
745 747 1010 804 pontificales
1034 759 1184 786 manus
1206 740 1432 784 celebriter
1452 742 1678 780 coronatus
1699 747 1818 782 sum3
1850 738 1894 772 et

363 823 407 863 in
448 821 571 877 cujus
612 819 743 861 etiam
785 816 1029 874 praedictae
1080 812 1281 855 ecclesiae
1324 816 1518 851 materno
1570 811 1692 846 utero
1744 816 1895 857 corpus

364 890 526 933 domini
571 904 619 930 ac
662 885 996 944 praedecessoris
1042 882 1177 924 nostri
1224 887 1268 922 et
1314 877 1496 935 praefati
1542 875 1655 930 regis
1698 870 1895 914 Edwardi

364 961 549 1001 refotum
581 958 828 1014 sepulturae
864 954 1011 1010 requie
1049 960 1098 993 ut
1135 950 1348 992 cernimus
1385 945 1626 1002 requiescit,
1657 958 1734 999 per
1768 955 1896 997 quem

365 1043 520 1084 nempe
542 1042 610 1069 me
639 1027 683 1067 in
704 1025 896 1081 regimen
918 1022 1039 1079 regni
1062 1020 1246 1076 Angliae
1269 1017 1551 1059 sublimatum
1574 1014 1660 1055 fore
1683 1025 1897 1068 cognosco.

366 1104 410 1140 et
432 1097 563 1138 infra:

454 1167 511 1208 Et
562 1172 612 1207 ut
661 1163 851 1205 breviter
900 1160 1155 1217 pleniusque
1204 1156 1348 1199 omnia
1392 1152 1654 1200 concludam,
1695 1147 1899 1206 quicquid

368 1235 550 1285 honoris,
572 1232 775 1290 quicquid
798 1229 1079 1287 quietationis
1101 1228 1167 1269 vel
1190 1225 1404 1268 libertatis
1418 1239 1492 1266 seu
1508 1222 1641 1264 etiam
1658 1216 1899 1274 dignitatis,

368 1306 585 1361 praefatae
618 1302 818 1345 ecclesiae
851 1307 895 1341 et
927 1297 1145 1340 monachis
1173 1296 1227 1337 ab
1255 1294 1446 1350 antiquis
1478 1291 1653 1347 regibus
1684 1295 1728 1330 et
1749 1287 1902 1328 beatae

370 1374 600 1416 memoriae
631 1387 731 1428 rege
759 1369 966 1412 Edwardo
997 1375 1128 1423 atque
1160 1372 1283 1422 patre
1316 1378 1410 1405 meo
1439 1360 1679 1415 ceterisque
1704 1356 1904 1398 fidelibus

371 1450 436 1485 est
467 1457 725 1490 concessum,
756 1440 932 1494 insuper
967 1443 1012 1478 et
1044 1434 1303 1477 auctoritate
1343 1429 1577 1487 apostolica
1613 1428 1904 1468 Romanorum

371 1513 774 1570 praedictorumque
832 1507 1086 1565 pontificum
1146 1510 1211 1545 est
1274 1501 1588 1548 confirmatum,
1646 1496 1801 1538 melius
1862 1500 1906 1535 et

372 1582 537 1624 firmius
558 1596 679 1623 meae
700 1576 1036 1622 confirmationis
1057 1574 1167 1615 dono
1188 1586 1303 1613 nunc
1326 1570 1526 1618 habeant,
1548 1573 1627 1609 etc.

461 1685 623 1727 Eadem
662 1682 789 1724 verba
824 1696 901 1737 per
932 1684 1072 1721 totum
1112 1675 1266 1717 recitat
1306 1673 1351 1714 in
1393 1672 1542 1714 charta
1583 1684 1660 1711 sua
1694 1665 1909 1708 Henricus

374 1755 597 1804 secundus,
629 1758 807 1809 excepto
839 1750 963 1807 quod,
985 1748 1061 1789 ubi
1089 1747 1180 1802 ipse
1210 1744 1315 1785 dicit
1343 1748 1512 1799 patrem
1534 1754 1673 1788 suum,
1695 1738 1777 1779 iste
1804 1735 1909 1777 dicit

373 1839 579 1882 proavum
611 1837 748 1865 suum.
810 1819 1010 1862 similiter
1041 1823 1085 1858 et
1115 1814 1355 1856 Richardus
1385 1827 1458 1853 rex
1492 1809 1662 1851 eosdem
1695 1819 1910 1848 sermones

375 1894 529 1936 recitat
550 1893 596 1934 10
617 1893 765 1934 0113113
786 1905 874 1932 sua.

464 1998 517 2039 In
539 1997 687 2039 charta
708 1995 821 2052 regis
843 1991 1056 2049 Stephani
1078 1990 1138 2032 sic
1160 1988 1346 2030 habetur
1364 2003 1371 2027 :

465 2067 519 2108 In
547 2066 719 2108 nomine
741 2071 914 2107 sanctae
936 2068 980 2104 et
1003 2059 1251 2103 individuae
1278 2054 1499 2098 trinitatis.
1562 2067 1640 2108 ego
1663 2051 1914 2106 Stephanus

379 2153 453 2179 rex
485 2136 680 2192 Angliae,
711 2141 790 2176 etc.
851 2139 895 2175 01
925 2132 1058 2173 infra:

469 2206 699 2248 Summum
720 2204 766 2244 in
786 2202 960 2258 regibus
982 2207 1026 2242 01
1048 2197 1315 2255 principibus
1336 2195 1498 2235 bonum
1520 2198 1585 2233 est
1602 2189 1824 2246 justitiam
1846 2186 1915 2228 dei

383 2276 530 2325 colere,
561 2281 753 2316 sanctam
783 2272 876 2328 ejus
908 2268 1130 2312 ecclesiam
1160 2266 1349 2308 exaltare
1379 2268 1423 2304 01
1452 2262 1681 2309 11000131ος
1712 2257 1814 2314 quia
1842 2255 1916 2312 qui

384 2361 478 2388 eam
501 2345 694 2387 exaltant
716 2349 760 2385 01
782 2343 1005 2390 1100013111,
1033 2354 1131 2381 cum
1163 2353 1214 2379 ea
1235 2342 1279 2378 01
1300 2336 1345 2377 10
1375 2350 1424 2375 03
1446 2340 1490 2374 01
1512 2348 1588 2388 901
1609 2346 1703 2373 eam
1725 2330 1917 2372 exaltan-

385 2421 458 2457 tur
485 2421 530 2456 01
555 2415 827 2455 honorantur.
889 2408 1113 2466 praevenit
1135 2422 1204 2448 cor
1226 2419 1370 2446 meum
1393 2402 1534 2460 gratia
1554 2401 1636 2451 (101,
1658 2406 1708 2442 111
1729 2398 1843 2455 quod
1864 2398 1918 2439 ab

386 2483 726 2526 antecessoribus
757 2480 864 2522 meis
895 2479 1069 2535 regibus
1105 2477 1308 2518 0011311101
1347 2481 1413 2515 est
1449 2472 1542 2527 ejus
1579 2469 1793 2517 ecclesiae,
1825 2482 1920 2508 mea

387 2555 583 2596 firmetur
603 2551 872 2594 auctoritate.
934 2547 1111 2590 ecclesia
1132 2559 1317 2600 namque
1343 2542 1461 2584 beati
1490 2540 1607 2582 Petri
1629 2538 1918 2595 apostolorum

389 2622 593 2679 principis
624 2636 732 2677 quae
765 2615 1197 2661 Westmonasterium
1229 2613 1399 2661 dicitur,
1430 2611 1475 2651 in
1507 2624 1591 2665 qua
1621 2609 1700 2649 deo
1731 2607 1919 2648 donante

392 2696 660 2733 consecratus
681 2704 776 2730 sum
798 2688 843 2729 in
863 2701 1019 2742 regem.
1080 2690 1125 2725 et
1146 2683 1279 2724 infra:

479 2761 558 2802 Pro
579 2759 718 2801 salute
740 2758 886 2813 itaque
908 2756 1077 2797 animae
1100 2767 1231 2801 meae,
1253 2757 1297 2792 et
1318 2764 1393 2806 pro
1416 2749 1573 2789 honore
1595 2745 1786 2801 ejusdem
1810 2742 1922 2799 regis

395 2829 603 2878 Edwardi‚
644 2835 688 2870 et
728 2842 804 2883 pro
844 2825 1070 2867 animabus
1115 2821 1309 2864 0111011101
1354 2825 1672 2860 antecessorum
1718 2827 1922 2861 meorum,

392 2901 552 2957 accipio
583 2899 627 2940 in
659 2913 787 2939 manu
818 2912 913 2938 mea
940 2902 984 2937 et
1014 2893 1259 2936 defensione
1291 2896 1433 2932 totum
1455 2889 1658 2929 honorem
1679 2882 1923 2940 praedictae

394 2969 593 3012 ecclesiae
616 2967 807 3024 ejusdem
829 2964 1022 3022 apostoli.
1074 2969 1118 3005 et
1140 2962 1235 3004 ideo
1258 2960 1413 3008 videte,
1435 2957 1546 2999 sicut
1567 2969 1754 2997 amorem
1778 2967 1922 2993 meum

394 3038 588 3095 diligitis,
610 3052 663 3079 ne
686 3035 851 3077 faciatis
872 3050 950 3075 nec
971 3032 1063 3074 fieri
1085 3029 1364 3073 consentiatis
1386 3026 1589 3083 injuriam
1612 3039 1689 3066 nec
1712 3029 1922 3064 torturam

397 3110 440 3151 in
463 3108 662 3151 omnibus
683 3104 1020 3163 possessionibus
1041 3102 1139 3144 suis.
1202 3107 1246 3142 et
1268 3099 1378 3140 infra
1397 3115 1404 3139 :

460 3212 479 3241 2
503 3211 573 3250 me]
599 3210 637 3241 d:
671 3220 730 3241 0111.
761 3208 813 3239 W.
947 3208 966 3237 8
990 3204 1154 3245 regimine
1172 3203 1203 3234 d.
1346 3202 1387 3231 22
1413 3196 1724 3240 Stephanus]÷dei
1752 3194 1862 3235 gratia
1890 3193 1922 3225 d.

397 3265 437 3294 24
461 3273 500 3294 ac
517 3262 548 3293 d.
725 3262 766 3291 28
789 3260 819 3291 ei
837 3259 978 3290 ecclesia
994 3257 1045 3289 W.
1227 3254 1267 3285 33
1291 3264 1352 3285 om.
1369 3251 1526 3284 omnium
1543 3250 1596 3281 W.

1926 1164 1962 1185 10

1932 1509 1967 1539 ῐ5

1932 1892 1974 1914 20

1941 2616 1982 2647 30

1944 2960 1983 2991 35
