2385 3891
213 965 265 996 Cf.
287 965 441 995 ‘Domes-

218 1008 301 1047 day’
319 1008 343 1038 f.
362 1008 434 1038 101.

217 1519 264 1554 †3
283 1518 360 1557 Sep.

219 1562 304 1592 1140
320 1562 373 1601 [?].

218 1727 346 1759 Buried
362 1727 397 1758 in

220 1771 323 1804 south
334 1770 483 1803 cloister.

223 2236 275 2268 cf.
294 2236 449 2267 ‘Domes-

224 2279 309 2320 day’
327 2279 350 2310 f.
369 2280 432 2311 469
442 2280 468 2311 b.

226 2377 372 2408 Gervase
389 2376 423 2406 of

225 2419 331 2458 Blois,
349 2429 411 2450 son
429 2418 465 2449 of

227 2464 267 2495 Κ.
287 2462 450 2502 Stephen.

229 2859 279 2889 Cf.
299 2858 456 2889 ‘Domes-

229 2902 311 2942 day'
330 2901 352 2932 f.
371 2902 444 2933 530.

496 417 557 462 88
796 413 978 462 Flete's
1015 412 1238 476 History
1274 412 1342 475 of
1377 412 1725 461 Westminster

495 539 711 595 baptistae
728 545 982 587 consecrato,
999 537 1155 578 statuit
1173 543 1259 578 tres
1278 535 1464 591 virgines
1480 535 1559 576 deo
1576 540 1773 583 sacratas,
1791 533 2035 575 domicellas

496 609 696 650 videlicet
717 624 908 650 camerae
928 607 1121 648 Matildis
1137 607 1272 648 bonae
1294 605 1480 661 reginae,
1496 604 1701 646 consortis
1723 604 1835 660 regis
1858 603 2035 644 Henrici

497 678 635 734 primi.

586 748 651 789 De
677 747 759 788 isto
787 746 945 788 abbate
974 746 1024 787 fit
1053 745 1216 787 mentio
1242 745 1287 785 in
1312 744 1462 785 charta
1489 743 1602 800 regis
1625 742 1803 784 Henrici
1825 742 1954 798 primi
1983 741 2036 782 de

499 817 772 858 libertatibus
805 815 1050 857 Londoniae
1077 815 1122 856 in
1154 830 1311 871 magna
1339 814 1584 855 chartuaria
1613 813 1711 854 folio
1745 815 1839 862 101,
1860 812 1904 853 in
1934 812 2038 852 haec
2059 828 2076 857 5

501 886 650 928 verba:

587 954 801 996 Henricus
824 969 897 995 rex
927 953 1112 1009 Angliae
1142 952 1362 1009 episcopis,
1383 952 1629 1001 baronibus,
1651 950 1974 992 vicecomitibus
1996 958 2039 990 et

499 1023 697 1065 omnibus
727 1022 927 1064 fidelibus
958 1027 1002 1063 et
1035 1021 1245 1063 ministris
1276 1021 1364 1063 suis
1391 1027 1435 1062 et
1464 1020 1751 1076 burgensibus
1780 1018 2040 1067 Londoniae‚

499 1093 694 1134 salutem.
735 1091 881 1132 sciatis
902 1106 971 1132 me
993 1090 1247 1132 concessisse
1265 1090 1343 1131 deo
1366 1096 1410 1130 et
1427 1095 1573 1130 sancto
1592 1089 1718 1130 Petro
1736 1094 1779 1129 et
1798 1087 2040 1128 Hereberto

498 1162 646 1204 abbati
669 1159 1042 1202 Westmonasterii
1064 1175 1139 1216 pro
1162 1159 1300 1200 salute
1322 1158 1491 1199 animae
1514 1172 1634 1199 meae
1652 1163 1696 1198 et
1714 1156 1912 1198 Edwardi
1930 1155 2041 1212 regis
2065 1173 2104 1194 10

500 1229 671 1286 cognati
692 1228 777 1270 mei
799 1234 843 1269 et
859 1234 1177 1269 antecessorum
1200 1233 1244 1268 et
1265 1241 1554 1268 successorum
1578 1240 1769 1266 meorum
1793 1231 1927 1265 terras
1948 1223 2042 1264 illas

501 1315 606 1356 quas
639 1299 684 1340 in
721 1297 942 1340 Londonia
981 1296 1227 1353 praedictus
1267 1310 1340 1336 rex
1384 1294 1618 1336 Edwardus
1660 1293 1800 1334 eidem
1842 1292 2042 1334 ecclesiae

501 1370 689 1418 dederat,
711 1374 756 1410 et
786 1382 892 1423 quas
923 1372 1097 1408 sanctus
1130 1366 1283 1407 Petrus
1314 1370 1444 1405 antea
1472 1363 1516 1404 in
1546 1363 1695 1404 eadem
1729 1362 1918 1411 tenebat,
1949 1361 2042 1416 qui—

501 1454 686 1495 cumque
710 1453 780 1480 eas
801 1437 1002 1488 dedisset,
1025 1443 1103 1478 etc.

590 1508 712 1551 Obiit
752 1514 900 1549 autem
938 1506 1067 1548 tertio
1099 1506 1168 1547 die
1200 1504 1359 1547 mensis
1396 1503 1676 1560 Septembris,
1708 1509 1901 1558 tempore
1933 1501 2044 1557 regis
2070 1517 2103 1547 ¹5

503 1578 727 1634 Stephani,
763 1592 874 1618 anno
915 1576 1078 1618 scilicet
1119 1575 1283 1631 quinto,
1315 1590 1413 1616 cum
1449 1573 1706 1630 praefuisset
1742 1572 1902 1613 ibidem
1945 1570 2044 1612 xxvi

503 1647 637 1697 annis,
660 1653 704 1687 et
720 1661 832 1687 anno
848 1645 1011 1686 domini
1029 1644 1256 1685 millesimo
1278 1643 1386 1693 cxl⁰;
1408 1643 1690 1698 sepultusque
1712 1646 1778 1682 est
1800 1640 1844 1680 in
1866 1639 2045 1680 australi

503 1723 625 1773 parte
661 1714 837 1756 claustri
875 1714 918 1755 in
955 1714 1082 1770 plano
1117 1713 1368 1769 pavimento
1404 1718 1505 1753 ante
1542 1711 1779 1752 secundum
1821 1724 2043 1751 scamnum

503 1802 528 1827 a
559 1785 752 1842 cymbalo
795 1799 940 1825 versus
976 1783 1136 1824 ostium
1170 1782 1383 1824 refectorii
1415 1797 1440 1822 a
1471 1787 1593 1837 parte
1625 1779 1824 1821 orientali
1856 1778 2044 1820 claustri.

504 1856 626 1910 cujus
649 1855 734 1896 tale
757 1860 822 1895 est
845 1852 1140 1909 epitaphium:
2068 1864 2108 1886 20

736 1933 922 1975 Abbatis
953 1932 1088 1974 nostri
1120 1947 1272 1988 corpus
1297 1931 1416 1987 jacet
1448 1930 1516 1972 hic
1548 1929 1804 1971 Hereberti:

795 2003 913 2044 vivat
944 2007 1041 2058 post
1073 2001 1242 2042 obitum
1274 2000 1452 2056 spiritus
1483 2006 1584 2041 ante
1616 1999 1757 2040 deum.

591 2085 682 2126 Iste
705 2083 973 2125 Herebertus
1001 2081 1133 2123 abbas
1155 2080 1275 2122 dedit
1307 2080 1351 2121 in
1374 2080 1495 2122 feodo
1526 2079 1713 2121 Henrico
1740 2078 1828 2119 filio
1852 2077 2046 2119 Wilfredi

505 2154 745 2196 manerium
767 2153 819 2194 de
850 2151 1137 2208 Wokyngdon
1165 2164 1241 2206 pro
1270 2166 1295 2191 Χ
1324 2150 1444 2192 libris
1465 2165 1542 2206 per
1562 2164 1736 2198 annum,
1761 2155 1804 2190 et
1827 2147 2047 2189 ecclesiam

506 2225 643 2267 sancti
665 2222 853 2280 Alphegi
875 2237 951 2278 pro
972 2237 1027 2262 xx
1049 2221 1207 2269 solidis,
1232 2226 1282 2262 ut
1304 2226 1425 2276 patet
1447 2220 1491 2261 in
1515 2234 1670 2275 magna
1686 2218 1929 2260 chartuaria
1951 2217 2048 2258 folio
2070 2232 2108 2263 25

508 2296 603 2343 469,
627 2293 755 2335 titulo
776 2290 978 2333 celerarii.

597 2364 662 2404 De
686 2361 890 2404 Gervasio
911 2360 1079 2401 abbate.

598 2431 828 2474 Gervasius
850 2430 992 2471 dictus
1014 2428 1066 2469 de
1096 2428 1237 2484 Bleys,
1257 2426 1373 2468 filius
1401 2425 1513 2482 regis
1542 2425 1725 2481 Angliae
1755 2424 1967 2481 Stephani
1998 2424 2050 2465 de

510 2502 685 2544 domina
705 2502 891 2543 Dameta
908 2499 1095 2556 genitus,
1113 2504 1157 2539 et
1174 2497 1226 2538 de
1244 2496 1512 2538 Normannia
1528 2495 1728 2537 similiter
1743 2495 1960 2545 oriundus,
1976 2510 2053 2550 per

511 2572 652 2628 ipsum
695 2586 840 2627 regem
883 2569 1156 2625 Stephanum
1198 2567 1471 2609 introductus
1512 2572 1608 2622 post
1653 2571 1834 2607 mortem
1881 2564 2052 2606 abbatis
2072 2579 2113 2609 30

513 2640 743 2682 Hereberti
779 2637 989 2695 praedicti
1026 2637 1158 2678 abbas
1197 2635 1571 2677 VVestmonasterii
1605 2634 1826 2676 ordinatus
1863 2640 1939 2676 est.
1999 2633 2052 2674 de

512 2725 595 2765 quo
632 2710 682 2751 fit
719 2708 883 2750 mentio
920 2707 965 2748 in
996 2706 1183 2762 quadam
1215 2705 1522 2761 compositione
1556 2705 1671 2746 inter
1702 2704 1968 2745 Willelmum
2000 2703 2053 2744 de

513 2778 818 2820 Wechendona
839 2777 919 2818 sub
942 2775 1008 2816 his
1031 2774 1194 2816 verbis:

599 2848 645 2889 Τ.
677 2846 745 2888 dei
778 2845 918 2902 gratia
954 2842 1280 2886 Cantuariensis
1315 2842 1670 2898 archiepiscopus,
1706 2848 1784 2884 etc.
1845 2847 1890 2883 et
1921 2841 2053 2882 infra:

513 2917 584 2958 Ita
620 2916 733 2972 quod
765 2915 817 2955 de
850 2920 991 2955 cetero
1023 2911 1171 2952 licebit
1213 2910 1361 2952 abbati
1406 2910 1609 2952 Gervasio
1646 2916 1690 2951 et
1726 2910 1924 2951 omnibus
1960 2925 2052 2951 suc·
2074 2924 2112 2954 35

513 2985 750 3027 cessoribus
783 2983 872 3025 suis
908 2981 1153 3038 praedictae
1191 2979 1391 3021 ecclesiae
1429 2980 1481 3021 de
1523 2979 1824 3021 Wochendona
1854 2994 2054 3035 personas

514 3053 825 3110 praeordinare,
858 3057 902 3093 et
938 3050 1007 3092 cui
1044 3048 1240 3098 voluerit,
1276 3048 1393 3089 salva
1429 3055 1575 3089 tamen
1617 3047 1831 3089 diocesani
1868 3047 2054 3103 episcopi

581 3147 620 3179 19
645 3145 790 3177 simbalo
808 3145 859 3175 W.
965 3144 1005 3174 23
1029 3141 1183 3173 Wluredi
1200 3141 1233 3172 d.
1333 3141 1374 3171 24
1399 3140 1587 3172 Ochendon
1604 3140 1638 3172 d.
1739 3142 1780 3172 33
1804 3140 1983 3172 Wendona
2000 3140 2052 3173 W.

515 3200 555 3230 34
580 3199 634 3239 T.]
651 3199 690 3230 d:
715 3198 865 3228 Thomas
882 3205 988 3228 errore
1001 3195 1087 3226 DW.
1133 3195 1214 3233 etc.]
1230 3193 1420 3232 Anglorum
1433 3193 1563 3233 primas
1575 3196 1608 3224 et
1624 3192 1808 3233 apostolice
1819 3192 1907 3224 sedis
1923 3192 2056 3232 legatus

516 3247 802 3291 (=Theobaldus)
822 3247 854 3279 d.
987 3248 1028 3277 36
1052 3245 1295 3277 Wechendona
1312 3245 1395 3275 DW.
1529 3247 1570 3277 37
1595 3245 1726 3284 tamen]
1742 3245 1781 3276 tfi
1799 3245 1831 3276 d.
