2385 3891
118 566 268 599 Richard

119 610 333 651 Kedyngton,

117 653 206 684 alias
214 653 384 695 Sudhury,

116 695 242 728 elected
253 697 293 729 26
303 697 381 729 Jan.

120 739 242 781 (1308).

119 782 168 815 Cf.
189 785 303 816 Flores

117 827 211 858 Hise.
229 836 270 858 111
289 829 361 859 140.

113 1254 165 1285 Cf.
185 1258 192 1271 ⁸
205 1255 378 1287 Domesd.'

112 1298 136 1329 f.
154 1298 228 1330 464.

618 435 812 486 Walter
858 437 1109 498 Wenloclt,
1150 438 1392 489 Richard
1425 441 1744 505 Kedquton
1852 448 1939 493 121

492 558 557 600 De
582 559 793 602 Richardo
818 562 1104 619 Kedyngtone
1127 564 1294 606 abbate.

491 627 699 670 Ricardus
732 630 1006 687 Kedyngton,
1032 632 1136 674 alias
1167 632 1308 675 dictus
1340 634 1556 691 Sudbury,
1577 636 1710 678 abbas
1741 637 1945 680 successit

402 697 593 751 praefato
614 698 802 740 Waltero
819 700 1038 750 ‹lcfunct03
1060 701 1133 757 qui
1151 717 1227 757 per
1244 703 1356 744 viam
1380 705 1670 760 compromissi
1694 706 1738 747 in
1761 707 1946 748 crastino

401 767 687 809 conversionis
701 769 837 811 sancti
859 770 979 811 Pauli
994 770 1046 812 de
1066 772 1271 813 monacho
1289 772 1330 813 in
1349 773 1551 815 abbatem
1572 775 1943 818 westmonasterii

400 835 562 877 electus
595 844 671 887 est,
703 838 776 893 qui
815 839 858 879 in
890 839 1088 881 omnibus
1127 840 1296 882 actibus
1332 842 1420 883 suis
1456 844 1596 898 palam
1635 845 1864 901 acquisivit
1901 853 1944 888 ct

399 903 598 946 exhibuit
620 920 696 946 suo
718 907 1028 962 praedecessori
1053 909 1192 950 laudis
1214 910 1393 951 titulum
1417 918 1461 952 et
1479 912 1658 955 honoris.
1712 914 1779 955 hic
1796 922 1942 956 autem

397 972 664 1029 dispensavit
685 990 780 1017 cum
805 976 942 1031 priore
965 983 1009 1018 et
1035 985 1248 1020 conventu
1279 994 1408 1035 super
1434 981 1604 1023 residuo
1625 982 1944 1025 distributionis

398 1042 605 1097 pecuniae
648 1044 934 1086 maneriorum
977 1046 1149 1101 reginae
1199 1048 1439 1099 Alianorae‚
1472 1056 1516 1092 et
1557 1051 1637 1092 sub
1677 1067 1762 1107 qua
1811 1053 1943 1094 forma

398 1116 541 1152 custos
562 1112 878 1167 praedictorum
903 1114 1187 1156 maneriorum
1218 1117 1270 1158 de
1294 1124 1461 1160 caetero
1490 1119 1770 1171 ordinaretur,
1793 1130 1842 1163 ut
1873 1122 1941 1164 hic

398 1180 612 1236 sequitur:

485 1250 723 1293 Richardus
755 1252 807 1293 de
841 1253 1105 1310 Kedyngton
1142 1257 1420 1311 permissione
1457 1259 1604 1301 divina
1635 1261 1768 1302 abbas
1803 1262 1940 1303 West-

399 1320 644 1361 monasterii
667 1320 836 1363 dilectis
857 1323 956 1364 filiis
984 1324 1113 1379 priori
1144 1331 1188 1366 et
1214 1328 1445 1369 conventui
1467 1343 1544 1369 suo
1567 1329 1940 1372 VVestmonasterii

396 1389 578 1430 salutem
603 1389 647 1430 in
669 1390 841 1432 domino
863 1392 1182 1448 sempiternam.
1233 1396 1451 1438 affectioni
1474 1404 1518 1439 et
1542 1399 1755 1440 voluntati
1777 1399 1940 1441 domini

397 1457 594 1499 Edwardi
627 1459 739 1515 regis
775 1460 959 1516 Angliae
996 1461 1176 1503 illustris
1213 1478 1351 1519 nuper
1381 1465 1573 1508 defuncti
1605 1468 1940 1511 condescendere

394 1526 628 1582 cupientes,
642 1543 690 1569 ac
711 1528 943 1585 benignam
965 1530 1330 1586 dispensationem
1352 1534 1488 1577 bonae
1511 1538 1740 1580 memoriae
1760 1539 1939 1581 Walteri

394 1595 446 1637 de
481 1596 661 1637 Wenlok
693 1598 1027 1653 praedecessoris
1062 1601 1196 1642 nostri
1235 1617 1362 1658 quam
1401 1619 1501 1660 erga
1537 1605 1646 1648 filios
1677 1623 1775 1650 suos
1806 1610 1940 1665 gessit

394 1665 564 1707 imitare
607 1666 809 1717 volentes,
842 1669 1062 1710 residuum
1096 1670 1427 1723 distributionis,
1463 1674 1498 1715 si
1540 1676 1643 1731 quid
1686 1678 1939 1720 remanserit

394 1742 490 1791 post
512 1735 863 1779 distributionem
892 1754 1131 1796 pauperum
1160 1742 1315 1784 factam
1343 1743 1387 1784 in
1409 1744 1477 1786 die
1500 1747 1779 1789 anniversarii
1801 1749 1938 1791 clarae

394 1805 624 1847 memoriae
640 1806 839 1849 dominae
856 1809 1085 1851 Alianorae
1103 1812 1315 1866 quondam
1337 1814 1509 1869 reginae
1527 1816 1711 1872 Angliae
1733 1818 1938 1860 consortis

394 1873 586 1929 ejusdem
618 1876 743 1933 regis,
772 1878 824 1918 ad
858 1886 1020 1921 vestras
1051 1880 1264 1936 pitancias
1295 1898 1370 1925 seu
1403 1884 1518 1926 inter
1551 1901 1622 1927 vos
1655 1887 1936 1930 dividendum

393 1943 661 2000 assignamus
689 1947 887 2002 gratiose,
909 1964 956 1990 ac
983 1950 1115 1992 etiam
1146 1958 1293 1993 tenore
1322 1955 1616 2009 praesentium
1645 1958 1937 1999 consentimus

392 2028 443 2054 ex
474 2014 616 2069 gratia
647 2022 793 2057 nostra
823 2018 998 2073 speciali
1030 2020 1204 2062 uberius
1236 2022 1353 2064 vobis
1378 2024 1672 2076 concedentes,
1694 2027 1807 2082 quod
1838 2042 1935 2069 cum

391 2083 762 2141 qualitercumque
794 2101 869 2128 seu
901 2088 1203 2145 qualicumque
1236 2106 1287 2132 ex
1319 2107 1446 2134 causa
1475 2100 1617 2135 custos
1649 2096 1935 2137 maneriorum

390 2151 443 2192 ad
485 2153 824 2196 anniversarium
866 2156 1006 2198 dictae
1054 2158 1228 2214 reginae
1277 2175 1353 2215 per
1398 2162 1666 2217 praedictum
1713 2164 1933 2207 dominum

390 2235 534 2277 regem
566 2222 881 2279 assignatorum
908 2226 1095 2267 amoveri
1128 2229 1371 2285 contigerit,
1403 2231 1601 2273 volumus
1630 2248 1705 2288 pro
1737 2234 1859 2275 nobis
1891 2242 1934 2277 et

388 2292 700 2335 successoribus
726 2294 883 2336 nostris
909 2296 1022 2351 quod
1048 2297 1132 2338 duo
1159 2298 1311 2340 fratres
1337 2301 1472 2342 nostri
1501 2310 1736 2345 conventus
1762 2320 1838 2361 per
1864 2321 1935 2347 vos

390 2359 516 2402 electi
548 2362 670 2403 nobis
701 2369 745 2405 et
777 2365 1091 2408 successoribus
1122 2368 1278 2409 nostris
1315 2377 1662 2425 praesententur3
1693 2374 1746 2415 de
1778 2375 1934 2430 quibus

388 2429 459 2471 ille
496 2445 624 2486 quem
656 2447 732 2474 nos
764 2449 838 2475 seu
871 2450 1132 2478 successores
1169 2439 1303 2480 nostri
1340 2439 1591 2484 duxerimus
1622 2458 1697 2485 seu
1730 2445 1933 2488 duxerint

389 2499 723 2552 admittendum,
745 2503 884 2544 eidem
907 2520 1007 2546 cura
1041 2508 1327 2550 maneriorum
1350 2511 1667 2565 praedictorum
1689 2513 1742 2555 de
1765 2522 1932 2558 caetero

386 2570 707 2622 committatur;
750 2579 799 2614 ut
841 2589 917 2629 per
957 2575 1061 2617 haec
1103 2577 1240 2619 omnis
1277 2580 1629 2622 murmurationis
1671 2584 1852 2625 materia
1887 2592 1931 2627 et

386 2639 557 2689 occasio,
579 2656 688 2696 quae
710 2657 786 2698 per
806 2644 999 2699 regulam
1028 2645 1145 2688 beati
1169 2648 1393 2690 Benedicti
1415 2650 1643 2706 praecipue
1666 2651 1930 2705 inhibentur,

385 2724 410 2749 a
431 2709 552 2751 nobis
575 2711 748 2753 omnino
772 2713 979 2755 tollantur
1001 2721 1044 2756 et
1061 2716 1344 2772 extirpentur.
1397 2725 1441 2760 et
1463 2734 1516 2760 ne
1539 2726 1685 2762 contra
1711 2737 1781 2763 vos
1803 2738 1931 2779 super

383 2779 658 2834 proprietatis
691 2782 871 2823 materia
902 2783 980 2824 hac
1011 2785 1226 2827 occasione
1259 2786 1303 2827 in
1340 2794 1559 2843 posterum
1592 2790 1726 2844 possit
1763 2793 1928 2834 causari

383 2862 458 2902 pro
490 2848 611 2890 nobis
643 2856 687 2891 et
718 2853 1031 2895 successoribus
1063 2855 1219 2896 nostris
1250 2871 1379 2912 super
1408 2857 1578 2898 residuo
1609 2858 1928 2903 distributionis

383 2918 638 2973 praedictae,
661 2936 711 2961 ex
734 2922 1007 2977 plenitudine
1037 2925 1266 2980 potestatis
1293 2926 1415 2968 nobis
1437 2928 1685 2970 commissae
1710 2930 1925 2972 vobiscum

383 2986 713 3030 misericorditer
760 2990 1068 3047 dispensamus.
1145 2994 1190 3036 in
1231 2996 1354 3051 cujus
1397 2997 1694 3040 testimonium
1735 3000 1925 3056 sigillum

381 3070 606 3099 commune
638 3058 817 3114 capituli
849 3061 984 3102 nostri
1017 3077 1068 3103 ex
1101 3063 1295 3105 unanimi
1321 3080 1495 3107 assensu
1526 3067 1660 3109 totius
1691 3077 1926 3112 conventus

449 3180 488 3210 11
513 3180 703 3221 Kidington
721 3182 754 3214 d.
919 3185 958 3214 12
982 3185 1184 3217 monasterii
1200 3185 1331 3218 Westifi
1350 3187 1402 3219 W.
1578 3190 1620 3222 20
1644 3201 1704 3223 om.
1722 3194 1853 3224 vestras
1869 3193 1921 3227 W.

382 3229 583 3262 dividendas
596 3231 650 3263 W.
740 3234 781 3265 28
798 3236 916 3275 quem]
929 3234 988 3274 qui
1005 3239 1077 3267 tam
1091 3236 1144 3268 W.
1227 3238 1301 3278 seu]
1315 3248 1419 3278 quam
1434 3239 1486 3272 W.
1577 3243 1617 3274 29
1634 3242 1858 3275 admittemus
1872 3245 1923 3276 W.

384 3283 426 3312 30
449 3291 509 3313 om.
530 3282 678 3315 materia
693 3283 746 3317 W.

1965 868 1982 898 5

1968 1214 2003 1235 ¹0

1965 1558 2000 1589 ¹5

1957 1910 1998 1932 ’ΖΟ

1951 2602 1992 2632 30

1948 2947 1986 2978 35
