<?xml version="1.0" encoding="UTF-8"?>
<!DOCTYPE html PUBLIC "-//W3C//DTD XHTML 1.0 Transitional//EN"
    "http://www.w3.org/TR/xhtml1/DTD/xhtml1-transitional.dtd">
<html xmlns="http://www.w3.org/1999/xhtml" xml:lang="en" lang="en">
 <head>
  <title>
</title>
<meta http-equiv="Content-Type" content="text/html;charset=utf-8" />
  <meta name='ocr-system' content='tesseract 3.04.00' />
  <meta name='ocr-capabilities' content='ocr_page ocr_carea ocr_par ocr_line ocrx_word'/>
</head>
<body>
  <div class='ocr_page' id='page_1' title='image "./historyofwestmin00flet_0093.png"; bbox 0 0 2385 3891; ppageno 0'>
   <div class='ocr_carea' id='block_1_1' title="bbox 75 554 320 588">
    <p class='ocr_par' dir='ltr' id='par_1_1' title="bbox 75 554 320 588">
     <span class='ocr_line' id='line_1_1' title="bbox 75 554 320 588; baseline -0.012 0"><span class='ocrx_word' id='word_1_1' title='bbox 75 557 124 588; x_wconf 79' lang='lat' dir='ltr'>Cf.</span> <span class='ocrx_word' id='word_1_2' title='bbox 144 556 183 588; x_wconf 90' lang='lat' dir='ltr'>K.</span> <span class='ocrx_word' id='word_1_3' title='bbox 203 554 320 587; x_wconf 85' lang='lat' dir='ltr'>Ethel-</span> 
     </span>
    </p>
   </div>
   <div class='ocr_carea' id='block_1_2' title="bbox 74 598 302 805">
    <p class='ocr_par' dir='ltr' id='par_1_2' title="bbox 74 598 302 805">
     <span class='ocr_line' id='line_1_2' title="bbox 74 598 302 632; baseline -0.018 0"><span class='ocrx_word' id='word_1_4' title='bbox 74 599 161 632; x_wconf 82' lang='lat' dir='ltr'>red’s</span> <span class='ocrx_word' id='word_1_5' title='bbox 178 598 302 630; x_wconf 77' lang='lat' dir='ltr'>second</span> 
     </span>
     <span class='ocr_line' id='line_1_3' title="bbox 74 641 258 675; baseline -0.016 0"><span class='ocrx_word' id='word_1_6' title='bbox 74 643 209 675; x_wconf 80' lang='lat' dir='ltr'>eharter</span> <span class='ocrx_word' id='word_1_7' title='bbox 224 641 258 673; x_wconf 79' lang='lat' dir='ltr'>of</span> 
     </span>
     <span class='ocr_line' id='line_1_4' title="bbox 74 686 255 721; baseline -0.011 -3"><span class='ocrx_word' id='word_1_8' title='bbox 74 696 140 718; x_wconf 58' lang='grc' dir='ltr'>Λα).</span> <span class='ocrx_word' id='word_1_9' title='bbox 160 686 255 721; x_wconf 85' lang='grc'>1002,</span> 
     </span>
     <span class='ocr_line' id='line_1_5' title="bbox 75 728 262 761; baseline -0.005 0"><span class='ocrx_word' id='word_1_10' title='bbox 75 728 262 761; x_wconf 77' lang='lat' dir='ltr'>‘Domesd.’</span> 
     </span>
     <span class='ocr_line' id='line_1_6' title="bbox 76 773 197 805; baseline -0.025 0"><span class='ocrx_word' id='word_1_11' title='bbox 76 773 98 805; x_wconf 84' lang='lat' dir='ltr'>f.</span> <span class='ocrx_word' id='word_1_12' title='bbox 115 773 157 804; x_wconf 88' lang='grc'>80</span> <span class='ocrx_word' id='word_1_13' title='bbox 168 774 197 803; x_wconf 90' lang='lat' dir='ltr'>b.</span> 
     </span>
    </p>
   </div>
   <div class='ocr_carea' id='block_1_3' title="bbox 76 1797 253 1881">
    <p class='ocr_par' dir='ltr' id='par_1_3' title="bbox 76 1797 253 1881">
     <span class='ocr_line' id='line_1_7' title="bbox 76 1797 243 1832; baseline -0.03 0"><span class='ocrx_word' id='word_1_14' title='bbox 76 1798 96 1832; x_wconf 83' lang='lat'>†</span> <span class='ocrx_word' id='word_1_15' title='bbox 104 1798 143 1829; x_wconf 89' lang='lat'>19</span> <span class='ocrx_word' id='word_1_16' title='bbox 160 1797 243 1828; x_wconf 84' lang='lat' dir='ltr'>Mar.</span> 
     </span>
     <span class='ocr_line' id='line_1_8' title="bbox 77 1840 253 1881; baseline 0 -9"><span class='ocrx_word' id='word_1_17' title='bbox 77 1842 172 1880; x_wconf 85' lang='lat'>(1025</span> <span class='ocrx_word' id='word_1_18' title='bbox 185 1840 253 1881; x_wconf 78' lang='lat'>[?]).</span> 
     </span>
    </p>
   </div>
   <div class='ocr_carea' id='block_1_4' title="bbox 77 1937 244 1970">
    <p class='ocr_par' dir='ltr' id='par_1_4' title="bbox 77 1937 244 1970">
     <span class='ocr_line' id='line_1_9' title="bbox 77 1937 244 1970; baseline -0.006 0"><span class='ocrx_word' id='word_1_19' title='bbox 77 1937 244 1970; x_wconf 86' lang='lat' dir='ltr'>Wulnoth</span> 
     </span>
    </p>
   </div>
   <div class='ocr_carea' id='block_1_5' title="bbox 77 2212 313 2288">
    <p class='ocr_par' dir='ltr' id='par_1_5' title="bbox 77 2212 313 2288">
     <span class='ocr_line' id='line_1_10' title="bbox 77 2212 313 2252; baseline -0.004 -8"><span class='ocrx_word' id='word_1_20' title='bbox 77 2212 254 2244; x_wconf 89' lang='lat' dir='ltr'>honoured</span> <span class='ocrx_word' id='word_1_21' title='bbox 271 2212 313 2252; x_wconf 83' lang='lat' dir='ltr'>by</span> 
     </span>
     <span class='ocr_line' id='line_1_11' title="bbox 79 2256 257 2288; baseline 0.006 -2"><span class='ocrx_word' id='word_1_22' title='bbox 79 2256 118 2288; x_wconf 92' lang='lat' dir='ltr'>K.</span> <span class='ocrx_word' id='word_1_23' title='bbox 137 2256 257 2288; x_wconf 84' lang='lat' dir='ltr'>Cnute.</span> 
     </span>
    </p>
   </div>
   <div class='ocr_carea' id='block_1_6' title="bbox 86 2836 272 2880">
    <p class='ocr_par' dir='ltr' id='par_1_6' title="bbox 86 2836 272 2880">
     <span class='ocr_line' id='line_1_12' title="bbox 86 2836 272 2880; baseline 0.011 -12"><span class='ocrx_word' id='word_1_24' title='bbox 86 2836 150 2879; x_wconf 80' lang='lat' dir='ltr'>(cr.</span> <span class='ocrx_word' id='word_1_25' title='bbox 167 2848 197 2878; x_wconf 87' lang='lat' dir='ltr'>p.</span> <span class='ocrx_word' id='word_1_26' title='bbox 220 2839 272 2880; x_wconf 81' lang='lat'>59)</span> 
     </span>
    </p>
   </div>
   <div class='ocr_carea' id='block_1_7' title="bbox 890 411 1887 479">
    <p class='ocr_par' dir='ltr' id='par_1_7' title="bbox 890 411 1887 479">
     <span class='ocr_line' id='line_1_13' title="bbox 890 411 1887 479; baseline -0.008 -15"><span class='ocrx_word' id='word_1_27' title='bbox 890 417 932 464; x_wconf 77' lang='lat' dir='ltr'><strong><em>A</em></strong></span> <span class='ocrx_word' id='word_1_28' title='bbox 942 415 1082 479; x_wconf 63' lang='lat' dir='ltr'>{fu-ps,</span> <span class='ocrx_word' id='word_1_29' title='bbox 1132 413 1377 463; x_wconf 48' lang='lat' dir='ltr'>Wulnoth«</span> <span class='ocrx_word' id='word_1_30' title='bbox 1829 411 1887 457; x_wconf 86' lang='grc'>81</span> 
     </span>
    </p>
   </div>
   <div class='ocr_carea' id='block_1_8' title="bbox 357 533 1968 3092">
    <p class='ocr_par' dir='ltr' id='par_1_8' title="bbox 358 533 1894 667">
     <span class='ocr_line' id='line_1_14' title="bbox 359 533 1894 596; baseline -0.008 -10"><span class='ocrx_word' id='word_1_31' title='bbox 359 545 440 587; x_wconf 87' lang='lat' dir='ltr'>fuit</span> <span class='ocrx_word' id='word_1_32' title='bbox 463 560 517 585; x_wconf 86' lang='lat' dir='ltr'>xx</span> <span class='ocrx_word' id='word_1_33' title='bbox 539 543 673 585; x_wconf 88' lang='lat' dir='ltr'>annis.</span> <span class='ocrx_word' id='word_1_34' title='bbox 734 542 785 583; x_wconf 85' lang='lat' dir='ltr'>de</span> <span class='ocrx_word' id='word_1_35' title='bbox 816 542 897 583; x_wconf 83' lang='lat' dir='ltr'>isto</span> <span class='ocrx_word' id='word_1_36' title='bbox 925 547 1047 596; x_wconf 88' lang='lat' dir='ltr'>patre</span> <span class='ocrx_word' id='word_1_37' title='bbox 1076 540 1125 581; x_wconf 90' lang='lat' dir='ltr'>fit</span> <span class='ocrx_word' id='word_1_38' title='bbox 1152 539 1314 581; x_wconf 89' lang='lat' dir='ltr'>mentio</span> <span class='ocrx_word' id='word_1_39' title='bbox 1339 536 1535 594; x_wconf 86' lang='lat' dir='ltr'>specialis</span> <span class='ocrx_word' id='word_1_40' title='bbox 1564 536 1606 577; x_wconf 90' lang='lat' dir='ltr'>in</span> <span class='ocrx_word' id='word_1_41' title='bbox 1638 533 1894 589; x_wconf 88' lang='lat' dir='ltr'>telligrapho</span> 
     </span>
     <span class='ocr_line' id='line_1_15' title="bbox 358 610 1302 667; baseline -0.006 -11"><span class='ocrx_word' id='word_1_42' title='bbox 358 613 543 656; x_wconf 82' lang='lat' dir='ltr'>secundo</span> <span class='ocrx_word' id='word_1_43' title='bbox 566 611 787 653; x_wconf 89' lang='lat' dir='ltr'>Ethelredi</span> <span class='ocrx_word' id='word_1_44' title='bbox 811 611 922 667; x_wconf 86' lang='lat' dir='ltr'>regis</span> <span class='ocrx_word' id='word_1_45' title='bbox 944 610 1024 651; x_wconf 91' lang='lat' dir='ltr'>sub</span> <span class='ocrx_word' id='word_1_46' title='bbox 1047 610 1125 651; x_wconf 89' lang='lat' dir='ltr'>hac</span> <span class='ocrx_word' id='word_1_47' title='bbox 1147 610 1302 650; x_wconf 79' lang='lat' dir='ltr'>fornia:</span> 
     </span>
    </p>

    <p class='ocr_par' dir='ltr' id='par_1_9' title="bbox 358 673 1896 792">
     <span class='ocr_line' id='line_1_16' title="bbox 446 673 1896 737; baseline -0.006 -15"><span class='ocrx_word' id='word_1_48' title='bbox 446 682 673 737; x_wconf 87' lang='lat' dir='ltr'>Regnante</span> <span class='ocrx_word' id='word_1_49' title='bbox 711 678 1022 736; x_wconf 85' lang='lat' dir='ltr'>perpetualiter</span> <span class='ocrx_word' id='word_1_50' title='bbox 1054 692 1221 719; x_wconf 87' lang='lat' dir='ltr'>summo</span> <span class='ocrx_word' id='word_1_51' title='bbox 1257 676 1470 718; x_wconf 83' lang='lat' dir='ltr'>caelorum</span> <span class='ocrx_word' id='word_1_52' title='bbox 1507 673 1670 730; x_wconf 89' lang='lat' dir='ltr'>opifice,</span> <span class='ocrx_word' id='word_1_53' title='bbox 1711 678 1789 714; x_wconf 89' lang='lat' dir='ltr'>etc.</span> <span class='ocrx_word' id='word_1_54' title='bbox 1852 677 1896 713; x_wconf 90' lang='lat' dir='ltr'>et</span> 
     </span>
     <span class='ocr_line' id='line_1_17' title="bbox 358 751 490 792; baseline -0.008 0"><span class='ocrx_word' id='word_1_55' title='bbox 358 751 490 792; x_wconf 84' lang='lat' dir='ltr'>infra:</span> 
     </span>
    </p>

    <p class='ocr_par' dir='ltr' id='par_1_10' title="bbox 357 808 1961 1777">
     <span class='ocr_line' id='line_1_18' title="bbox 445 808 1934 873; baseline -0.008 -12"><span class='ocrx_word' id='word_1_56' title='bbox 445 818 731 872; x_wconf 77' lang='lat' dir='ltr'>Quamobrem</span> <span class='ocrx_word' id='word_1_57' title='bbox 771 832 849 873; x_wconf 85' lang='lat' dir='ltr'>ego</span> <span class='ocrx_word' id='word_1_58' title='bbox 884 815 1141 857; x_wconf 88' lang='lat' dir='ltr'>Ethelredus</span> <span class='ocrx_word' id='word_1_59' title='bbox 1174 814 1242 855; x_wconf 86' lang='lat' dir='ltr'>dei</span> <span class='ocrx_word' id='word_1_60' title='bbox 1278 814 1447 854; x_wconf 88' lang='lat' dir='ltr'>favente</span> <span class='ocrx_word' id='word_1_61' title='bbox 1482 811 1711 853; x_wconf 86' lang='lat' dir='ltr'>clementia</span> <span class='ocrx_word' id='word_1_62' title='bbox 1745 808 1896 865; x_wconf 87' lang='lat' dir='ltr'>Angli-</span> <span class='ocrx_word' id='word_1_63' title='bbox 1919 825 1934 853; x_wconf 78' lang='lat'>5</span> 
     </span>
     <span class='ocr_line' id='line_1_19' title="bbox 357 879 1897 944; baseline -0.008 -14"><span class='ocrx_word' id='word_1_64' title='bbox 357 903 492 944; x_wconf 85' lang='lat' dir='ltr'>genae</span> <span class='ocrx_word' id='word_1_65' title='bbox 524 886 711 928; x_wconf 84' lang='lat' dir='ltr'>nationis</span> <span class='ocrx_word' id='word_1_66' title='bbox 742 886 974 941; x_wconf 88' lang='lat' dir='ltr'>imperator</span> <span class='ocrx_word' id='word_1_67' title='bbox 1009 883 1225 940; x_wconf 87' lang='lat' dir='ltr'>quandam</span> <span class='ocrx_word' id='word_1_68' title='bbox 1257 881 1424 923; x_wconf 88' lang='lat' dir='ltr'>telluris</span> <span class='ocrx_word' id='word_1_69' title='bbox 1455 880 1708 936; x_wconf 89' lang='lat' dir='ltr'>portionem,</span> <span class='ocrx_word' id='word_1_70' title='bbox 1743 879 1784 919; x_wconf 87' lang='lat' dir='ltr'>id</span> <span class='ocrx_word' id='word_1_71' title='bbox 1821 884 1897 927; x_wconf 86' lang='lat' dir='ltr'>est,</span> 
     </span>
     <span class='ocr_line' id='line_1_20' title="bbox 358 947 1897 1008; baseline -0.008 -9"><span class='ocrx_word' id='word_1_72' title='bbox 358 958 465 999; x_wconf 87' lang='lat' dir='ltr'>duas</span> <span class='ocrx_word' id='word_1_73' title='bbox 493 971 662 997; x_wconf 86' lang='lat' dir='ltr'>mansas</span> <span class='ocrx_word' id='word_1_74' title='bbox 694 962 831 996; x_wconf 82' lang='lat' dir='ltr'>terrae</span> <span class='ocrx_word' id='word_1_75' title='bbox 861 954 904 995; x_wconf 92' lang='lat' dir='ltr'>in</span> <span class='ocrx_word' id='word_1_76' title='bbox 930 954 1019 994; x_wconf 89' lang='lat' dir='ltr'>loco</span> <span class='ocrx_word' id='word_1_77' title='bbox 1045 953 1118 1008; x_wconf 80' lang='lat' dir='ltr'>qui</span> <span class='ocrx_word' id='word_1_78' title='bbox 1148 951 1303 993; x_wconf 77' lang='lat' dir='ltr'>celebri</span> <span class='ocrx_word' id='word_1_79' title='bbox 1334 950 1538 991; x_wconf 83' lang='lat' dir='ltr'>vocabulo</span> <span class='ocrx_word' id='word_1_80' title='bbox 1572 955 1618 990; x_wconf 90' lang='lat' dir='ltr'>at</span> <span class='ocrx_word' id='word_1_81' title='bbox 1653 947 1897 989; x_wconf 86' lang='lat' dir='ltr'>Berewican</span> 
     </span>
     <span class='ocr_line' id='line_1_21' title="bbox 359 1016 1898 1084; baseline -0.008 -15"><span class='ocrx_word' id='word_1_82' title='bbox 359 1027 614 1084; x_wconf 84' lang='lat' dir='ltr'>appellatur,</span> <span class='ocrx_word' id='word_1_83' title='bbox 647 1025 701 1066; x_wconf 89' lang='lat' dir='ltr'>ad</span> <span class='ocrx_word' id='word_1_84' title='bbox 736 1023 1042 1065; x_wconf 87' lang='lat' dir='ltr'>monasterium</span> <span class='ocrx_word' id='word_1_85' title='bbox 1078 1022 1194 1063; x_wconf 87' lang='lat' dir='ltr'>beati</span> <span class='ocrx_word' id='word_1_86' title='bbox 1234 1020 1349 1062; x_wconf 90' lang='lat' dir='ltr'>Petri</span> <span class='ocrx_word' id='word_1_87' title='bbox 1384 1019 1581 1061; x_wconf 87' lang='lat' dir='ltr'>caelestis</span> <span class='ocrx_word' id='word_1_88' title='bbox 1614 1016 1815 1073; x_wconf 86' lang='lat' dir='ltr'>clavigeri</span> <span class='ocrx_word' id='word_1_89' title='bbox 1854 1016 1898 1056; x_wconf 89' lang='lat' dir='ltr'>in</span> 
     </span>
     <span class='ocr_line' id='line_1_22' title="bbox 360 1087 1898 1151; baseline -0.008 -13"><span class='ocrx_word' id='word_1_90' title='bbox 360 1098 448 1138; x_wconf 88' lang='lat' dir='ltr'>loco</span> <span class='ocrx_word' id='word_1_91' title='bbox 473 1095 606 1138; x_wconf 89' lang='lat' dir='ltr'>nobili</span> <span class='ocrx_word' id='word_1_92' title='bbox 638 1095 711 1151; x_wconf 85' lang='lat' dir='ltr'>qui</span> <span class='ocrx_word' id='word_1_93' title='bbox 744 1092 1174 1135; x_wconf 87' lang='lat' dir='ltr'>Westmonasterium</span> <span class='ocrx_word' id='word_1_94' title='bbox 1205 1090 1454 1132; x_wconf 87' lang='lat' dir='ltr'>nominatur</span> <span class='ocrx_word' id='word_1_95' title='bbox 1479 1103 1553 1144; x_wconf 90' lang='lat' dir='ltr'>pro</span> <span class='ocrx_word' id='word_1_96' title='bbox 1579 1087 1748 1128; x_wconf 85' lang='lat' dir='ltr'>animae</span> <span class='ocrx_word' id='word_1_97' title='bbox 1779 1100 1898 1126; x_wconf 86' lang='lat' dir='ltr'>meae</span> 
     </span>
     <span class='ocr_line' id='line_1_23' title="bbox 360 1155 1960 1209; baseline -0.009 0"><span class='ocrx_word' id='word_1_98' title='bbox 360 1167 547 1209; x_wconf 86' lang='lat' dir='ltr'>remedio</span> <span class='ocrx_word' id='word_1_99' title='bbox 569 1166 622 1207; x_wconf 89' lang='lat' dir='ltr'>ad</span> <span class='ocrx_word' id='word_1_100' title='bbox 648 1163 1009 1206; x_wconf 66' lang='lat' dir='ltr'>sustentationem</span> <span class='ocrx_word' id='word_1_101' title='bbox 1040 1162 1220 1202; x_wconf 89' lang='lat' dir='ltr'>fratrum</span> <span class='ocrx_word' id='word_1_102' title='bbox 1250 1159 1328 1200; x_wconf 91' lang='lat' dir='ltr'>deo</span> <span class='ocrx_word' id='word_1_103' title='bbox 1351 1158 1458 1200; x_wconf 91' lang='lat' dir='ltr'>inibi</span> <span class='ocrx_word' id='word_1_104' title='bbox 1484 1155 1820 1198; x_wconf 72' lang='lat' dir='ltr'>deservientium</span> <span class='ocrx_word' id='word_1_105' title='bbox 1853 1155 1895 1195; x_wconf 86' lang='lat' dir='ltr'>in</span> <span class='ocrx_word' id='word_1_106' title='bbox 1923 1175 1960 1195; x_wconf 90' lang='lat'>10</span> 
     </span>
     <span class='ocr_line' id='line_1_24' title="bbox 360 1224 1900 1293; baseline -0.009 -15"><span class='ocrx_word' id='word_1_107' title='bbox 360 1242 614 1293; x_wconf 88' lang='lat' dir='ltr'>perpetuam</span> <span class='ocrx_word' id='word_1_108' title='bbox 651 1234 852 1276; x_wconf 88' lang='lat' dir='ltr'>confirmo</span> <span class='ocrx_word' id='word_1_109' title='bbox 894 1231 1205 1280; x_wconf 76' lang='lat' dir='ltr'>hereditatem3</span> <span class='ocrx_word' id='word_1_110' title='bbox 1246 1235 1460 1284; x_wconf 88' lang='lat' dir='ltr'>quatenus</span> <span class='ocrx_word' id='word_1_111' title='bbox 1497 1227 1589 1283; x_wconf 85' lang='lat' dir='ltr'>ipsa</span> <span class='ocrx_word' id='word_1_112' title='bbox 1625 1224 1900 1280; x_wconf 87' lang='lat' dir='ltr'>congregatio</span> 
     </span>
     <span class='ocr_line' id='line_1_25' title="bbox 360 1293 1900 1361; baseline -0.01 -14"><span class='ocrx_word' id='word_1_113' title='bbox 360 1305 589 1361; x_wconf 82' lang='lat' dir='ltr'>pervigiles</span> <span class='ocrx_word' id='word_1_114' title='bbox 631 1319 705 1360; x_wconf 90' lang='lat' dir='ltr'>pro</span> <span class='ocrx_word' id='word_1_115' title='bbox 742 1318 809 1343; x_wconf 90' lang='lat' dir='ltr'>me</span> <span class='ocrx_word' id='word_1_116' title='bbox 845 1301 1014 1357; x_wconf 87' lang='lat' dir='ltr'>jugiter</span> <span class='ocrx_word' id='word_1_117' title='bbox 1049 1297 1376 1341; x_wconf 69' lang='lat' dir='ltr'>intercessiones</span> <span class='ocrx_word' id='word_1_118' title='bbox 1412 1296 1615 1344; x_wconf 86' lang='lat' dir='ltr'>exsolvat,</span> <span class='ocrx_word' id='word_1_119' title='bbox 1652 1293 1900 1348; x_wconf 83' lang='lat' dir='ltr'>sollertique</span> 
     </span>
     <span class='ocr_line' id='line_1_26' title="bbox 360 1364 1900 1428; baseline -0.009 -12"><span class='ocrx_word' id='word_1_120' title='bbox 360 1374 573 1416; x_wconf 87' lang='lat' dir='ltr'>industria</span> <span class='ocrx_word' id='word_1_121' title='bbox 609 1374 687 1414; x_wconf 89' lang='lat' dir='ltr'>deo</span> <span class='ocrx_word' id='word_1_122' title='bbox 729 1373 907 1428; x_wconf 88' lang='lat' dir='ltr'>ejusque</span> <span class='ocrx_word' id='word_1_123' title='bbox 948 1370 1139 1426; x_wconf 86' lang='lat' dir='ltr'>apostolo</span> <span class='ocrx_word' id='word_1_124' title='bbox 1176 1367 1288 1409; x_wconf 87' lang='lat' dir='ltr'>felici</span> <span class='ocrx_word' id='word_1_125' title='bbox 1326 1366 1478 1408; x_wconf 89' lang='lat' dir='ltr'>habitu</span> <span class='ocrx_word' id='word_1_126' title='bbox 1516 1364 1740 1406; x_wconf 71' lang='lat' dir='ltr'>deserviat.</span> <span class='ocrx_word' id='word_1_127' title='bbox 1802 1377 1900 1403; x_wconf 89' lang='lat' dir='ltr'>nam</span> 
     </span>
     <span class='ocr_line' id='line_1_27' title="bbox 361 1432 1902 1500; baseline -0.009 -15"><span class='ocrx_word' id='word_1_128' title='bbox 361 1443 553 1500; x_wconf 84' lang='lat' dir='ltr'>ejusdem</span> <span class='ocrx_word' id='word_1_129' title='bbox 596 1441 674 1483; x_wconf 86' lang='lat' dir='ltr'>loci</span> <span class='ocrx_word' id='word_1_130' title='bbox 711 1441 854 1490; x_wconf 88' lang='lat' dir='ltr'>abbas,</span> <span class='ocrx_word' id='word_1_131' title='bbox 888 1438 1146 1480; x_wconf 81' lang='lat' dir='ltr'>vocitamine</span> <span class='ocrx_word' id='word_1_132' title='bbox 1183 1437 1335 1492; x_wconf 85' lang='lat' dir='ltr'>Alfwy,</span> <span class='ocrx_word' id='word_1_133' title='bbox 1369 1435 1546 1490; x_wconf 89' lang='lat' dir='ltr'>ipsaque</span> <span class='ocrx_word' id='word_1_134' title='bbox 1590 1432 1752 1473; x_wconf 84' lang='lat' dir='ltr'>familia</span> <span class='ocrx_word' id='word_1_135' title='bbox 1794 1432 1902 1472; x_wconf 86' lang='lat' dir='ltr'>hanc</span> 
     </span>
     <span class='ocr_line' id='line_1_28' title="bbox 359 1502 1961 1569; baseline -0.009 -15"><span class='ocrx_word' id='word_1_136' title='bbox 359 1513 596 1569; x_wconf 78' lang='lat' dir='ltr'>praefatam</span> <span class='ocrx_word' id='word_1_137' title='bbox 622 1518 781 1553; x_wconf 88' lang='lat' dir='ltr'>terram</span> <span class='ocrx_word' id='word_1_138' title='bbox 807 1526 832 1552; x_wconf 91' lang='lat' dir='ltr'>a</span> <span class='ocrx_word' id='word_1_139' title='bbox 861 1525 929 1551; x_wconf 87' lang='lat' dir='ltr'>me</span> <span class='ocrx_word' id='word_1_140' title='bbox 954 1524 1052 1550; x_wconf 87' lang='lat' dir='ltr'>cum</span> <span class='ocrx_word' id='word_1_141' title='bbox 1079 1513 1254 1549; x_wconf 88' lang='lat' dir='ltr'>centum</span> <span class='ocrx_word' id='word_1_142' title='bbox 1280 1505 1374 1547; x_wconf 88' lang='lat' dir='ltr'>auri</span> <span class='ocrx_word' id='word_1_143' title='bbox 1401 1503 1531 1545; x_wconf 86' lang='lat' dir='ltr'>obrizi</span> <span class='ocrx_word' id='word_1_144' title='bbox 1555 1502 1769 1544; x_wconf 87' lang='lat' dir='ltr'>mancusis</span> <span class='ocrx_word' id='word_1_145' title='bbox 1791 1517 1901 1542; x_wconf 87' lang='lat' dir='ltr'>com-</span> <span class='ocrx_word' id='word_1_146' title='bbox 1926 1525 1961 1555; x_wconf 87' lang='lat'>15</span> 
     </span>
     <span class='ocr_line' id='line_1_29' title="bbox 360 1572 1900 1638; baseline -0.008 -15"><span class='ocrx_word' id='word_1_147' title='bbox 360 1581 539 1638; x_wconf 90' lang='lat' dir='ltr'>paravit,</span> <span class='ocrx_word' id='word_1_148' title='bbox 561 1596 611 1622; x_wconf 89' lang='lat' dir='ltr'>ea</span> <span class='ocrx_word' id='word_1_149' title='bbox 632 1579 887 1635; x_wconf 85' lang='lat' dir='ltr'>interposita</span> <span class='ocrx_word' id='word_1_150' title='bbox 907 1576 1163 1626; x_wconf 87' lang='lat' dir='ltr'>conditione,</span> <span class='ocrx_word' id='word_1_151' title='bbox 1185 1582 1234 1617; x_wconf 92' lang='lat' dir='ltr'>ut</span> <span class='ocrx_word' id='word_1_152' title='bbox 1252 1580 1466 1616; x_wconf 87' lang='lat' dir='ltr'>trecentas</span> <span class='ocrx_word' id='word_1_153' title='bbox 1487 1588 1563 1629; x_wconf 89' lang='lat' dir='ltr'>pro</span> <span class='ocrx_word' id='word_1_154' title='bbox 1586 1587 1653 1613; x_wconf 80' lang='lat' dir='ltr'>nie</span> <span class='ocrx_word' id='word_1_155' title='bbox 1676 1572 1900 1613; x_wconf 85' lang='lat' dir='ltr'>missarum</span> 
     </span>
     <span class='ocr_line' id='line_1_30' title="bbox 360 1640 1903 1703; baseline -0.008 -10"><span class='ocrx_word' id='word_1_156' title='bbox 360 1651 598 1693; x_wconf 87' lang='lat' dir='ltr'>oblationes</span> <span class='ocrx_word' id='word_1_157' title='bbox 634 1650 826 1699; x_wconf 86' lang='lat' dir='ltr'>offerant,</span> <span class='ocrx_word' id='word_1_158' title='bbox 863 1647 1132 1703; x_wconf 88' lang='lat' dir='ltr'>totidemque</span> <span class='ocrx_word' id='word_1_159' title='bbox 1169 1644 1367 1687; x_wconf 86' lang='lat' dir='ltr'>Davidici</span> <span class='ocrx_word' id='word_1_160' title='bbox 1404 1657 1551 1684; x_wconf 85' lang='lat' dir='ltr'>cursus</span> <span class='ocrx_word' id='word_1_161' title='bbox 1589 1640 1903 1682; x_wconf 83' lang='lat' dir='ltr'>modulationes</span> 
     </span>
     <span class='ocr_line' id='line_1_31' title="bbox 360 1717 1188 1777; baseline -0.006 -15"><span class='ocrx_word' id='word_1_162' title='bbox 360 1736 435 1777; x_wconf 92' lang='lat' dir='ltr'>pro</span> <span class='ocrx_word' id='word_1_163' title='bbox 467 1735 534 1761; x_wconf 89' lang='lat' dir='ltr'>me</span> <span class='ocrx_word' id='word_1_164' title='bbox 567 1726 712 1761; x_wconf 89' lang='lat' dir='ltr'>mente</span> <span class='ocrx_word' id='word_1_165' title='bbox 743 1717 901 1760; x_wconf 80' lang='lat' dir='ltr'>devota</span> <span class='ocrx_word' id='word_1_166' title='bbox 931 1717 1188 1774; x_wconf 86' lang='lat' dir='ltr'>persolvant.</span> 
     </span>
    </p>

    <p class='ocr_par' dir='ltr' id='par_1_11' title="bbox 361 1779 1964 1917">
     <span class='ocr_line' id='line_1_32' title="bbox 449 1779 1902 1839; baseline -0.008 -8"><span class='ocrx_word' id='word_1_167' title='bbox 449 1789 571 1832; x_wconf 87' lang='lat' dir='ltr'>Obiit</span> <span class='ocrx_word' id='word_1_168' title='bbox 607 1795 755 1830; x_wconf 90' lang='lat' dir='ltr'>autem</span> <span class='ocrx_word' id='word_1_169' title='bbox 788 1788 852 1830; x_wconf 90' lang='lat' dir='ltr'>vir</span> <span class='ocrx_word' id='word_1_170' title='bbox 885 1787 967 1829; x_wconf 89' lang='lat' dir='ltr'>iste</span> <span class='ocrx_word' id='word_1_171' title='bbox 1000 1785 1089 1828; x_wconf 85' lang='lat' dir='ltr'>xiv⁰</span> <span class='ocrx_word' id='word_1_172' title='bbox 1120 1784 1325 1827; x_wconf 87' lang='lat' dir='ltr'>kalendas</span> <span class='ocrx_word' id='word_1_173' title='bbox 1356 1781 1542 1839; x_wconf 69' lang='lat' dir='ltr'>Aprilisg</span> <span class='ocrx_word' id='word_1_174' title='bbox 1579 1781 1702 1836; x_wconf 83' lang='lat' dir='ltr'>cujus</span> <span class='ocrx_word' id='word_1_175' title='bbox 1733 1779 1902 1820; x_wconf 85' lang='lat' dir='ltr'>animae</span> 
     </span>
     <span class='ocr_line' id='line_1_33' title="bbox 361 1859 1964 1917; baseline -0.006 -15"><span class='ocrx_word' id='word_1_176' title='bbox 361 1860 622 1917; x_wconf 84' lang='lat' dir='ltr'>propitietur</span> <span class='ocrx_word' id='word_1_177' title='bbox 652 1859 769 1901; x_wconf 90' lang='lat' dir='ltr'>deus.</span> <span class='ocrx_word' id='word_1_178' title='bbox 830 1873 966 1899; x_wconf 87' lang='lat' dir='ltr'>amen.</span> <span class='ocrx_word' id='word_1_179' title='bbox 1924 1872 1964 1893; x_wconf 79' lang='lat'>20</span> 
     </span>
    </p>

    <p class='ocr_par' dir='ltr' id='par_1_12' title="bbox 450 1927 982 1971">
     <span class='ocr_line' id='line_1_34' title="bbox 450 1927 982 1971; baseline -0.006 0"><span class='ocrx_word' id='word_1_180' title='bbox 450 1930 514 1971; x_wconf 89' lang='lat' dir='ltr'>De</span> <span class='ocrx_word' id='word_1_181' title='bbox 547 1928 784 1970; x_wconf 89' lang='lat' dir='ltr'>Wulnotho</span> <span class='ocrx_word' id='word_1_182' title='bbox 814 1927 982 1969; x_wconf 88' lang='lat' dir='ltr'>abbate.</span> 
     </span>
    </p>

    <p class='ocr_par' dir='ltr' id='par_1_13' title="bbox 362 1987 1968 3092">
     <span class='ocr_line' id='line_1_35' title="bbox 451 1987 1902 2050; baseline -0.009 -10"><span class='ocrx_word' id='word_1_183' title='bbox 451 1998 712 2040; x_wconf 81' lang='lat' dir='ltr'>Wulnothus</span> <span class='ocrx_word' id='word_1_184' title='bbox 748 1997 879 2038; x_wconf 87' lang='lat' dir='ltr'>abbas</span> <span class='ocrx_word' id='word_1_185' title='bbox 915 1996 1090 2038; x_wconf 90' lang='lat' dir='ltr'>natione</span> <span class='ocrx_word' id='word_1_186' title='bbox 1128 1993 1337 2050; x_wconf 84' lang='lat' dir='ltr'>Anglicus</span> <span class='ocrx_word' id='word_1_187' title='bbox 1373 1991 1418 2032; x_wconf 91' lang='lat' dir='ltr'>in</span> <span class='ocrx_word' id='word_1_188' title='bbox 1455 1990 1605 2032; x_wconf 90' lang='lat' dir='ltr'>eodem</span> <span class='ocrx_word' id='word_1_189' title='bbox 1643 1987 1902 2029; x_wconf 83' lang='lat' dir='ltr'>monasterio</span> 
     </span>
     <span class='ocr_line' id='line_1_36' title="bbox 364 2060 1902 2110; baseline -0.008 -1"><span class='ocrx_word' id='word_1_190' title='bbox 364 2068 596 2110; x_wconf 87' lang='lat' dir='ltr'>monachus</span> <span class='ocrx_word' id='word_1_191' title='bbox 624 2068 802 2109; x_wconf 81' lang='lat' dir='ltr'>effectus</span> <span class='ocrx_word' id='word_1_192' title='bbox 831 2066 969 2107; x_wconf 89' lang='lat' dir='ltr'>indies</span> <span class='ocrx_word' id='word_1_193' title='bbox 1000 2065 1044 2106; x_wconf 92' lang='lat' dir='ltr'>in</span> <span class='ocrx_word' id='word_1_194' title='bbox 1071 2064 1233 2105; x_wconf 91' lang='lat' dir='ltr'>virtute</span> <span class='ocrx_word' id='word_1_195' title='bbox 1264 2078 1312 2103; x_wconf 84' lang='lat' dir='ltr'>ac</span> <span class='ocrx_word' id='word_1_196' title='bbox 1342 2076 1507 2102; x_wconf 86' lang='lat' dir='ltr'>morum</span> <span class='ocrx_word' id='word_1_197' title='bbox 1540 2060 1765 2100; x_wconf 87' lang='lat' dir='ltr'>honestate</span> <span class='ocrx_word' id='word_1_198' title='bbox 1794 2072 1902 2098; x_wconf 88' lang='lat' dir='ltr'>cres-</span> 
     </span>
     <span class='ocr_line' id='line_1_37' title="bbox 363 2128 1901 2192; baseline -0.008 -13"><span class='ocrx_word' id='word_1_199' title='bbox 363 2153 456 2179; x_wconf 85' lang='lat' dir='ltr'>cere</span> <span class='ocrx_word' id='word_1_200' title='bbox 494 2137 732 2186; x_wconf 87' lang='lat' dir='ltr'>videbatur,</span> <span class='ocrx_word' id='word_1_201' title='bbox 773 2142 818 2177; x_wconf 90' lang='lat' dir='ltr'>et</span> <span class='ocrx_word' id='word_1_202' title='bbox 854 2134 1128 2192; x_wconf 88' lang='lat' dir='ltr'>postmodum</span> <span class='ocrx_word' id='word_1_203' title='bbox 1167 2132 1384 2174; x_wconf 87' lang='lat' dir='ltr'>mediante</span> <span class='ocrx_word' id='word_1_204' title='bbox 1422 2130 1624 2173; x_wconf 88' lang='lat' dir='ltr'>Cnutone</span> <span class='ocrx_word' id='word_1_205' title='bbox 1662 2128 1901 2183; x_wconf 86' lang='lat' dir='ltr'>Anglorum</span> 
     </span>
     <span class='ocr_line' id='line_1_38' title="bbox 362 2196 1963 2263; baseline -0.007 -15"><span class='ocrx_word' id='word_1_206' title='bbox 362 2222 461 2263; x_wconf 86' lang='lat' dir='ltr'>rege</span> <span class='ocrx_word' id='word_1_207' title='bbox 485 2206 676 2262; x_wconf 88' lang='lat' dir='ltr'>ejusdem</span> <span class='ocrx_word' id='word_1_208' title='bbox 700 2204 780 2246; x_wconf 86' lang='lat' dir='ltr'>loci</span> <span class='ocrx_word' id='word_1_209' title='bbox 802 2204 934 2245; x_wconf 88' lang='lat' dir='ltr'>abbas</span> <span class='ocrx_word' id='word_1_210' title='bbox 957 2203 1179 2244; x_wconf 88' lang='lat' dir='ltr'>ordinatus</span> <span class='ocrx_word' id='word_1_211' title='bbox 1202 2207 1277 2242; x_wconf 87' lang='lat' dir='ltr'>est.</span> <span class='ocrx_word' id='word_1_212' title='bbox 1329 2214 1457 2256; x_wconf 88' lang='lat' dir='ltr'>quem</span> <span class='ocrx_word' id='word_1_213' title='bbox 1481 2198 1594 2239; x_wconf 85' lang='lat' dir='ltr'>idem</span> <span class='ocrx_word' id='word_1_214' title='bbox 1619 2212 1690 2238; x_wconf 85' lang='lat' dir='ltr'>rex</span> <span class='ocrx_word' id='word_1_215' title='bbox 1714 2196 1757 2236; x_wconf 91' lang='lat' dir='ltr'>in</span> <span class='ocrx_word' id='word_1_216' title='bbox 1780 2201 1902 2236; x_wconf 88' lang='lat' dir='ltr'>tanto</span> <span class='ocrx_word' id='word_1_217' title='bbox 1926 2215 1963 2247; x_wconf 83' lang='lat'>25</span> 
     </span>
     <span class='ocr_line' id='line_1_39' title="bbox 363 2266 1900 2331; baseline -0.008 -14"><span class='ocrx_word' id='word_1_218' title='bbox 363 2275 528 2324; x_wconf 83' lang='lat' dir='ltr'>dilexit,</span> <span class='ocrx_word' id='word_1_219' title='bbox 550 2275 663 2331; x_wconf 85' lang='lat' dir='ltr'>quod</span> <span class='ocrx_word' id='word_1_220' title='bbox 685 2274 834 2315; x_wconf 86' lang='lat' dir='ltr'>audito</span> <span class='ocrx_word' id='word_1_221' title='bbox 856 2273 949 2328; x_wconf 89' lang='lat' dir='ltr'>ejus</span> <span class='ocrx_word' id='word_1_222' title='bbox 966 2271 1141 2314; x_wconf 89' lang='lat' dir='ltr'>consilio</span> <span class='ocrx_word' id='word_1_223' title='bbox 1165 2271 1304 2312; x_wconf 88' lang='lat' dir='ltr'>multa</span> <span class='ocrx_word' id='word_1_224' title='bbox 1326 2269 1509 2310; x_wconf 87' lang='lat' dir='ltr'>faciebat</span> <span class='ocrx_word' id='word_1_225' title='bbox 1531 2273 1575 2308; x_wconf 90' lang='lat' dir='ltr'>et</span> <span class='ocrx_word' id='word_1_226' title='bbox 1596 2266 1783 2307; x_wconf 85' lang='lat' dir='ltr'>libenter</span> <span class='ocrx_word' id='word_1_227' title='bbox 1804 2279 1900 2305; x_wconf 87' lang='lat' dir='ltr'>eum</span> 
     </span>
     <span class='ocr_line' id='line_1_40' title="bbox 364 2335 1904 2393; baseline -0.008 -7"><span class='ocrx_word' id='word_1_228' title='bbox 364 2344 592 2386; x_wconf 87' lang='lat' dir='ltr'>audiebat:</span> <span class='ocrx_word' id='word_1_229' title='bbox 634 2350 726 2385; x_wconf 85' lang='lat' dir='ltr'>erat</span> <span class='ocrx_word' id='word_1_230' title='bbox 762 2343 877 2385; x_wconf 90' lang='lat' dir='ltr'>enim</span> <span class='ocrx_word' id='word_1_231' title='bbox 915 2342 959 2383; x_wconf 92' lang='lat' dir='ltr'>in</span> <span class='ocrx_word' id='word_1_232' title='bbox 996 2356 1190 2383; x_wconf 92' lang='lat' dir='ltr'>sermone</span> <span class='ocrx_word' id='word_1_233' title='bbox 1228 2355 1366 2381; x_wconf 78' lang='lat' dir='ltr'>verax,</span> <span class='ocrx_word' id='word_1_234' title='bbox 1427 2337 1557 2393; x_wconf 85' lang='lat' dir='ltr'>hujus</span> <span class='ocrx_word' id='word_1_235' title='bbox 1594 2335 1725 2377; x_wconf 88' lang='lat' dir='ltr'>etiam</span> <span class='ocrx_word' id='word_1_236' title='bbox 1762 2349 1904 2374; x_wconf 86' lang='lat' dir='ltr'>amore</span> 
     </span>
     <span class='ocr_line' id='line_1_41' title="bbox 363 2404 1905 2470; baseline -0.008 -15"><span class='ocrx_word' id='word_1_237' title='bbox 363 2413 609 2470; x_wconf 88' lang='lat' dir='ltr'>praedictus</span> <span class='ocrx_word' id='word_1_238' title='bbox 640 2428 713 2454; x_wconf 85' lang='lat' dir='ltr'>rex</span> <span class='ocrx_word' id='word_1_239' title='bbox 745 2413 883 2454; x_wconf 90' lang='lat' dir='ltr'>locum</span> <span class='ocrx_word' id='word_1_240' title='bbox 916 2411 1049 2452; x_wconf 89' lang='lat' dir='ltr'>istum</span> <span class='ocrx_word' id='word_1_241' title='bbox 1078 2409 1267 2451; x_wconf 89' lang='lat' dir='ltr'>crebrius</span> <span class='ocrx_word' id='word_1_242' title='bbox 1296 2406 1490 2449; x_wconf 89' lang='lat' dir='ltr'>visitavit</span> <span class='ocrx_word' id='word_1_243' title='bbox 1521 2411 1566 2447; x_wconf 92' lang='lat' dir='ltr'>et</span> <span class='ocrx_word' id='word_1_244' title='bbox 1599 2404 1756 2446; x_wconf 85' lang='lat' dir='ltr'>multas</span> <span class='ocrx_word' id='word_1_245' title='bbox 1787 2418 1905 2444; x_wconf 87' lang='lat' dir='ltr'>sanc-</span> 
     </span>
     <span class='ocr_line' id='line_1_42' title="bbox 366 2473 1906 2539; baseline -0.008 -14"><span class='ocrx_word' id='word_1_246' title='bbox 366 2491 507 2526; x_wconf 86' lang='lat' dir='ltr'>torum</span> <span class='ocrx_word' id='word_1_247' title='bbox 529 2483 731 2539; x_wconf 88' lang='lat' dir='ltr'>reliquias</span> <span class='ocrx_word' id='word_1_248' title='bbox 753 2482 892 2524; x_wconf 86' lang='lat' dir='ltr'>eidem</span> <span class='ocrx_word' id='word_1_249' title='bbox 918 2480 1186 2523; x_wconf 88' lang='lat' dir='ltr'>condonavit.</span> <span class='ocrx_word' id='word_1_250' title='bbox 1248 2479 1316 2520; x_wconf 89' lang='lat' dir='ltr'>hic</span> <span class='ocrx_word' id='word_1_251' title='bbox 1343 2478 1474 2520; x_wconf 89' lang='lat' dir='ltr'>etiam</span> <span class='ocrx_word' id='word_1_252' title='bbox 1501 2482 1625 2532; x_wconf 89' lang='lat' dir='ltr'>pater</span> <span class='ocrx_word' id='word_1_253' title='bbox 1651 2473 1906 2515; x_wconf 81' lang='lat' dir='ltr'>venerabilis</span> 
     </span>
     <span class='ocr_line' id='line_1_43' title="bbox 366 2542 1968 2608; baseline -0.008 -14"><span class='ocrx_word' id='word_1_254' title='bbox 366 2559 489 2594; x_wconf 91' lang='lat' dir='ltr'>tanta</span> <span class='ocrx_word' id='word_1_255' title='bbox 510 2553 699 2608; x_wconf 88' lang='lat' dir='ltr'>pollebat</span> <span class='ocrx_word' id='word_1_256' title='bbox 721 2551 946 2607; x_wconf 85' lang='lat' dir='ltr'>sapientia,</span> <span class='ocrx_word' id='word_1_257' title='bbox 968 2549 1081 2605; x_wconf 88' lang='lat' dir='ltr'>quod</span> <span class='ocrx_word' id='word_1_258' title='bbox 1105 2555 1296 2604; x_wconf 86' lang='lat' dir='ltr'>tempore</span> <span class='ocrx_word' id='word_1_259' title='bbox 1319 2544 1611 2588; x_wconf 84' lang='lat' dir='ltr'>tribulationis</span> <span class='ocrx_word' id='word_1_260' title='bbox 1633 2550 1677 2585; x_wconf 93' lang='lat' dir='ltr'>et</span> <span class='ocrx_word' id='word_1_261' title='bbox 1701 2542 1905 2584; x_wconf 89' lang='lat' dir='ltr'>tristitiae</span> <span class='ocrx_word' id='word_1_262' title='bbox 1927 2561 1968 2591; x_wconf 85' lang='lat'>30</span> 
     </span>
     <span class='ocr_line' id='line_1_44' title="bbox 366 2612 1906 2676; baseline -0.007 -13"><span class='ocrx_word' id='word_1_263' title='bbox 366 2621 480 2662; x_wconf 89' lang='lat' dir='ltr'>inter</span> <span class='ocrx_word' id='word_1_264' title='bbox 501 2621 646 2662; x_wconf 91' lang='lat' dir='ltr'>Danos</span> <span class='ocrx_word' id='word_1_265' title='bbox 668 2627 712 2662; x_wconf 90' lang='lat' dir='ltr'>et</span> <span class='ocrx_word' id='word_1_266' title='bbox 734 2620 898 2676; x_wconf 87' lang='lat' dir='ltr'>Anglos</span> <span class='ocrx_word' id='word_1_267' title='bbox 920 2635 964 2661; x_wconf 91' lang='lat' dir='ltr'>se</span> <span class='ocrx_word' id='word_1_268' title='bbox 986 2633 1198 2673; x_wconf 85' lang='lat' dir='ltr'>suumque</span> <span class='ocrx_word' id='word_1_269' title='bbox 1221 2616 1330 2658; x_wconf 89' lang='lat' dir='ltr'>ovile</span> <span class='ocrx_word' id='word_1_270' title='bbox 1353 2616 1398 2656; x_wconf 92' lang='lat' dir='ltr'>in</span> <span class='ocrx_word' id='word_1_271' title='bbox 1419 2614 1535 2670; x_wconf 88' lang='lat' dir='ltr'>pacis</span> <span class='ocrx_word' id='word_1_272' title='bbox 1555 2613 1722 2653; x_wconf 86' lang='lat' dir='ltr'>vinculo</span> <span class='ocrx_word' id='word_1_273' title='bbox 1745 2612 1906 2666; x_wconf 84' lang='lat' dir='ltr'>absque</span> 
     </span>
     <span class='ocr_line' id='line_1_45' title="bbox 366 2681 1907 2746; baseline -0.007 -14"><span class='ocrx_word' id='word_1_274' title='bbox 366 2691 565 2746; x_wconf 86' lang='lat' dir='ltr'>luporum</span> <span class='ocrx_word' id='word_1_275' title='bbox 592 2689 828 2746; x_wconf 83' lang='lat' dir='ltr'>rapacitate</span> <span class='ocrx_word' id='word_1_276' title='bbox 857 2689 1053 2730; x_wconf 88' lang='lat' dir='ltr'>illaesum</span> <span class='ocrx_word' id='word_1_277' title='bbox 1083 2685 1340 2735; x_wconf 77' lang='lat' dir='ltr'>custodivit3</span> <span class='ocrx_word' id='word_1_278' title='bbox 1372 2699 1499 2740; x_wconf 84' lang='lat' dir='ltr'>quen]</span> <span class='ocrx_word' id='word_1_279' title='bbox 1528 2682 1775 2738; x_wconf 84' lang='lat' dir='ltr'>perfuderat</span> <span class='ocrx_word' id='word_1_280' title='bbox 1801 2681 1907 2722; x_wconf 91' lang='lat' dir='ltr'>deus</span> 
     </span>
     <span class='ocr_line' id='line_1_46' title="bbox 366 2756 1905 2816; baseline -0.007 -15"><span class='ocrx_word' id='word_1_281' title='bbox 366 2759 517 2816; x_wconf 83' lang='lat' dir='ltr'>gratia,</span> <span class='ocrx_word' id='word_1_282' title='bbox 538 2760 592 2801; x_wconf 92' lang='lat' dir='ltr'>ab</span> <span class='ocrx_word' id='word_1_283' title='bbox 615 2759 814 2801; x_wconf 88' lang='lat' dir='ltr'>omnibus</span> <span class='ocrx_word' id='word_1_284' title='bbox 835 2758 1073 2800; x_wconf 86' lang='lat' dir='ltr'>amabatur.</span> <span class='ocrx_word' id='word_1_285' title='bbox 1135 2756 1249 2797; x_wconf 89' lang='lat' dir='ltr'>hunc</span> <span class='ocrx_word' id='word_1_286' title='bbox 1277 2760 1423 2796; x_wconf 75' lang='lat' dir='ltr'>autem</span> <span class='ocrx_word' id='word_1_287' title='bbox 1453 2758 1603 2808; x_wconf 85' lang='lat' dir='ltr'>postea</span> <span class='ocrx_word' id='word_1_288' title='bbox 1631 2756 1805 2792; x_wconf 89' lang='lat' dir='ltr'>sanctus</span> <span class='ocrx_word' id='word_1_289' title='bbox 1834 2765 1905 2791; x_wconf 87' lang='lat' dir='ltr'>rex</span> 
     </span>
     <span class='ocr_line' id='line_1_47' title="bbox 369 2820 1909 2884; baseline -0.006 -15"><span class='ocrx_word' id='word_1_290' title='bbox 369 2828 603 2869; x_wconf 85' lang='lat' dir='ltr'>Edwardus</span> <span class='ocrx_word' id='word_1_291' title='bbox 617 2828 660 2869; x_wconf 91' lang='lat' dir='ltr'>in</span> <span class='ocrx_word' id='word_1_292' title='bbox 678 2828 863 2884; x_wconf 82' lang='lat' dir='ltr'>quadam</span> <span class='ocrx_word' id='word_1_293' title='bbox 881 2828 1029 2868; x_wconf 88' lang='lat' dir='ltr'>charta</span> <span class='ocrx_word' id='word_1_294' title='bbox 1043 2841 1120 2868; x_wconf 88' lang='lat' dir='ltr'>sua</span> <span class='ocrx_word' id='word_1_295' title='bbox 1134 2825 1192 2867; x_wconf 89' lang='lat' dir='ltr'>sic</span> <span class='ocrx_word' id='word_1_296' title='bbox 1210 2823 1513 2866; x_wconf 87' lang='lat' dir='ltr'>commendans</span> <span class='ocrx_word' id='word_1_297' title='bbox 1527 2821 1589 2862; x_wconf 84' lang='lat' dir='ltr'>ait</span> <span class='ocrx_word' id='word_1_298' title='bbox 1605 2838 1611 2862; x_wconf 91' lang='lat'>:</span> <span class='ocrx_word' id='word_1_299' title='bbox 1635 2820 1909 2875; x_wconf 81' lang='lat' dir='ltr'>Quapropter</span> 
     </span>
     <span class='ocr_line' id='line_1_48' title="bbox 367 2888 1968 2954; baseline -0.007 -15"><span class='ocrx_word' id='word_1_300' title='bbox 367 2898 534 2939; x_wconf 90' lang='lat' dir='ltr'>noverit</span> <span class='ocrx_word' id='word_1_301' title='bbox 555 2897 848 2954; x_wconf 90' lang='lat' dir='ltr'>praesentium</span> <span class='ocrx_word' id='word_1_302' title='bbox 872 2897 1200 2949; x_wconf 84' lang='lat' dir='ltr'>futurorumque</span> <span class='ocrx_word' id='word_1_303' title='bbox 1219 2891 1477 2934; x_wconf 86' lang='lat' dir='ltr'>universitas</span> <span class='ocrx_word' id='word_1_304' title='bbox 1498 2889 1611 2945; x_wconf 85' lang='lat' dir='ltr'>quod</span> <span class='ocrx_word' id='word_1_305' title='bbox 1633 2888 1907 2930; x_wconf 89' lang='lat' dir='ltr'>fidelissimus</span> <span class='ocrx_word' id='word_1_306' title='bbox 1928 2905 1968 2935; x_wconf 77' lang='lat'>35</span> 
     </span>
     <span class='ocr_line' id='line_1_49' title="bbox 368 2957 1908 3008; baseline -0.007 0"><span class='ocrx_word' id='word_1_307' title='bbox 368 2972 515 3008; x_wconf 85' lang='lat' dir='ltr'>noster</span> <span class='ocrx_word' id='word_1_308' title='bbox 533 2967 796 3008; x_wconf 88' lang='lat' dir='ltr'>Wulnothus</span> <span class='ocrx_word' id='word_1_309' title='bbox 816 2966 949 3007; x_wconf 87' lang='lat' dir='ltr'>abbas</span> <span class='ocrx_word' id='word_1_310' title='bbox 971 2972 1015 3006; x_wconf 91' lang='lat' dir='ltr'>et</span> <span class='ocrx_word' id='word_1_311' title='bbox 1040 2962 1233 3005; x_wconf 85' lang='lat' dir='ltr'>monachi</span> <span class='ocrx_word' id='word_1_312' title='bbox 1257 2959 1507 3002; x_wconf 86' lang='lat' dir='ltr'>monasterii</span> <span class='ocrx_word' id='word_1_313' title='bbox 1529 2957 1647 3000; x_wconf 90' lang='lat' dir='ltr'>beati</span> <span class='ocrx_word' id='word_1_314' title='bbox 1671 2957 1799 3006; x_wconf 89' lang='lat' dir='ltr'>Petri,</span> <span class='ocrx_word' id='word_1_315' title='bbox 1817 2964 1908 3006; x_wconf 71' lang='lat' dir='ltr'>etc„</span> 
     </span>
     <span class='ocr_line' id='line_1_50' title="bbox 370 3034 875 3092; baseline -0.002 -15"><span class='ocrx_word' id='word_1_316' title='bbox 370 3041 420 3077; x_wconf 90' lang='lat' dir='ltr'>ut</span> <span class='ocrx_word' id='word_1_317' title='bbox 441 3050 571 3092; x_wconf 87' lang='lat' dir='ltr'>supra</span> <span class='ocrx_word' id='word_1_318' title='bbox 592 3035 781 3092; x_wconf 91' lang='lat' dir='ltr'>capitulo</span> <span class='ocrx_word' id='word_1_319' title='bbox 803 3034 875 3077; x_wconf 85' lang='lat' dir='ltr'>xi⁰.</span> 
     </span>
    </p>
   </div>
   <div class='ocr_carea' id='block_1_9' title="bbox 368 3143 1909 3297">
    <p class='ocr_par' dir='ltr' id='par_1_14' title="bbox 368 3143 1909 3297">
     <span class='ocr_line' id='line_1_51' title="bbox 433 3143 1908 3193; baseline -0.009 -6"><span class='ocrx_word' id='word_1_320' title='bbox 433 3155 452 3185; x_wconf 87' lang='lat'><strong>3</strong></span> <span class='ocrx_word' id='word_1_321' title='bbox 477 3155 625 3193; x_wconf 79' lang='lat' dir='ltr'>Regente</span> <span class='ocrx_word' id='word_1_322' title='bbox 641 3154 673 3186; x_wconf 84' lang='lat' dir='ltr'>d.</span> <span class='ocrx_word' id='word_1_323' title='bbox 844 3155 863 3186; x_wconf 91' lang='lat'>5</span> <span class='ocrx_word' id='word_1_324' title='bbox 887 3153 949 3185; x_wconf 90' lang='lat' dir='ltr'>deo</span> <span class='ocrx_word' id='word_1_325' title='bbox 966 3153 1103 3184; x_wconf 81' lang='lat' dir='ltr'>favente</span> <span class='ocrx_word' id='word_1_326' title='bbox 1121 3152 1194 3193; x_wconf 86' lang='lat' dir='ltr'>(om.</span> <span class='ocrx_word' id='word_1_327' title='bbox 1211 3148 1409 3190; x_wconf 78' lang='lat' dir='ltr'>clementia)</span> <span class='ocrx_word' id='word_1_328' title='bbox 1429 3147 1482 3179; x_wconf 84' lang='lat' dir='ltr'>W.</span> <span class='ocrx_word' id='word_1_329' title='bbox 1646 3146 1664 3177; x_wconf 87' lang='lat'><strong>7</strong></span> <span class='ocrx_word' id='word_1_330' title='bbox 1689 3155 1749 3176; x_wconf 83' lang='lat' dir='ltr'>om.</span> <span class='ocrx_word' id='word_1_331' title='bbox 1771 3146 1806 3175; x_wconf 81' lang='lat' dir='ltr'>at</span> <span class='ocrx_word' id='word_1_332' title='bbox 1824 3143 1908 3175; x_wconf 91' lang='lat' dir='ltr'>DW.</span> 
     </span>
     <span class='ocr_line' id='line_1_52' title="bbox 368 3193 1909 3240; baseline -0.008 -4"><span class='ocrx_word' id='word_1_333' title='bbox 368 3206 387 3236; x_wconf 84' lang='lat'>8</span> <span class='ocrx_word' id='word_1_334' title='bbox 411 3205 601 3237; x_wconf 82' lang='lat' dir='ltr'>beatissimi</span> <span class='ocrx_word' id='word_1_335' title='bbox 618 3205 650 3240; x_wconf 83' lang='lat' dir='ltr'>d,</span> <span class='ocrx_word' id='word_1_336' title='bbox 815 3207 834 3238; x_wconf 91' lang='lat'>9</span> <span class='ocrx_word' id='word_1_337' title='bbox 858 3203 1102 3236; x_wconf 76' lang='lat' dir='ltr'>Westminster</span> <span class='ocrx_word' id='word_1_338' title='bbox 1118 3202 1151 3233; x_wconf 89' lang='lat' dir='ltr'>d.</span> <span class='ocrx_word' id='word_1_339' title='bbox 1312 3200 1352 3230; x_wconf 86' lang='lat'>14</span> <span class='ocrx_word' id='word_1_340' title='bbox 1375 3197 1495 3230; x_wconf 78' lang='lat' dir='ltr'>Aelfwi</span> <span class='ocrx_word' id='word_1_341' title='bbox 1512 3196 1544 3228; x_wconf 90' lang='lat' dir='ltr'>d.</span> <span class='ocrx_word' id='word_1_342' title='bbox 1723 3195 1762 3225; x_wconf 86' lang='lat'>15</span> <span class='ocrx_word' id='word_1_343' title='bbox 1787 3193 1909 3233; x_wconf 84' lang='lat' dir='ltr'>obrizi]</span> 
     </span>
     <span class='ocr_line' id='line_1_53' title="bbox 368 3254 1122 3297; baseline -0.001 -9"><span class='ocrx_word' id='word_1_344' title='bbox 368 3257 481 3288; x_wconf 87' lang='lat' dir='ltr'>ebrosi</span> <span class='ocrx_word' id='word_1_345' title='bbox 497 3258 583 3290; x_wconf 89' lang='lat' dir='ltr'>DW.</span> <span class='ocrx_word' id='word_1_346' title='bbox 806 3258 845 3288; x_wconf 87' lang='lat'>16</span> <span class='ocrx_word' id='word_1_347' title='bbox 868 3258 923 3297; x_wconf 86' lang='lat' dir='ltr'>ea]</span> <span class='ocrx_word' id='word_1_348' title='bbox 934 3256 1073 3291; x_wconf 75' lang='lat' dir='ltr'>÷etiam</span> <span class='ocrx_word' id='word_1_349' title='bbox 1091 3254 1122 3287; x_wconf 87' lang='lat' dir='ltr'>d.</span> 
     </span>
    </p>
   </div>
   <div class='ocr_carea' id='block_1_10' title="bbox 466 3320 1815 3363">
    <p class='ocr_par' dir='ltr' id='par_1_15' title="bbox 466 3320 1815 3363">
     <span class='ocr_line' id='line_1_54' title="bbox 466 3320 1815 3363; baseline -0.009 0"><span class='ocrx_word' id='word_1_350' title='bbox 466 3339 498 3363; x_wconf 65' lang='lat' dir='ltr'>iz.</span> <span class='ocrx_word' id='word_1_351' title='bbox 519 3339 550 3363; x_wconf 74' lang='lat' dir='ltr'>r.</span> <span class='ocrx_word' id='word_1_352' title='bbox 1795 3320 1815 3351; x_wconf 76' lang='lat'>&lt;5</span> 
     </span>
    </p>
   </div>
  </div>
 </body>
</html>
