2385 3891
637 430 886 493 Geoffrey,
937 431 1137 490 Vitalis,
1181 431 1375 481 Ge‘lbert
1418 433 1632 497 Crispin
1837 436 1899 481 85

84 563 257 612 Buriediq
362 556 642 611 sepultusque
674 563 739 597 est
772 556 815 597 in
852 557 1029 598 australi
1062 564 1182 613 parte
1215 559 1402 608 claustri,
1435 566 1478 600 et
1503 560 1622 614 jacet
1653 560 1733 601 sub
1770 575 1900 615 parvo

84 607 183 640 soum
194 606 341 637 elmster.
362 624 502 679 lapide
525 639 758 666 marmoreo
779 625 875 666 albo
897 625 950 666 ad
972 626 1102 681 pedes
1123 626 1292 668 abbatis
1315 628 1520 670 Gervasii.
1581 629 1704 684 cujus
1726 629 1812 670 tale
1835 637 1899 670 est

362 693 633 748 epitaphium
650 711 657 734 :

593 774 678 826 Qui
710 790 865 816 nomen
898 776 1031 817 traxit
1062 792 1087 817 a
1118 776 1219 826 vita,
1251 785 1386 819 morte
1420 785 1598 820 vocante

649 845 781 885 abbas
813 844 969 886 Vitalis
1000 846 1184 895 transiit,
1216 846 1368 902 hicque
1393 848 1522 902 jacet.

82 936 146 968 His
161 935 312 966 anniver-
448 923 517 964 Ad
559 924 682 979 cujus
724 926 919 966 tumbam
962 926 1156 980 quolibet
1191 941 1302 967 anno
1343 927 1412 969 die
1448 928 1725 970 anniversarii
1764 930 1898 986 ipsius

82 990 167 1019 8³¹3*-
361 1000 546 1048 ponatur
582 1009 715 1035 unum
750 1002 946 1051 tapetum
985 1011 1081 1036 cum
1114 1011 1255 1051 panno
1286 997 1418 1038 serico
1449 1005 1698 1049 aurotext03
1739 1007 1783 1041 et
1814 1001 1898 1041 duo

361 1063 470 1104 cerei
511 1064 709 1119 ponderis
750 1064 780 1105 ii
823 1064 1040 1114 librarum,
1071 1080 1176 1120 quos
1212 1066 1389 1107 sacrista
1424 1067 1679 1122 providebit,
1709 1069 1763 1110 ab
1797 1070 1899 1125 hora

362 1147 633 1188 vesperarum
657 1149 791 1189 usque
814 1133 858 1174 in
880 1133 1116 1175 crastinum
1138 1135 1263 1176 finita
1279 1135 1408 1176 missa
1429 1136 1481 1177 de
1506 1136 1715 1192 Requiem
1738 1138 1897 1180 ibidem

355 1202 522 1257 jugiter
535 1203 765 1255 ardebunt3
787 1211 830 1246 et
845 1204 960 1260 prior
978 1205 1042 1245 vel
1060 1205 1170 1246 alius
1186 1212 1329 1246 custos
1346 1206 1506 1247 ordinis
1529 1207 1572 1247 in
1595 1208 1687 1262 ejus
1704 1208 1900 1249 absentia
1925 1223 1961 1243 10

362 1271 534 1313 missam
556 1272 801 1314 celebrabit.

81 1352 210 1384 Gilbert
449 1340 513 1381 De
537 1340 779 1382 Gisleberto
800 1341 969 1382 abbate.

80 1396 328 1475 ἓιὲξῗίὴὲῗῖρο,
448 1410 716 1451 Gislebertus
752 1417 1035 1466 cognomento
1067 1410 1304 1466 Crispinus,
1336 1412 1551 1467 quondam
1584 1414 1816 1455 monachus
1847 1415 1899 1457 de

362 1479 496 1519 Becco
518 1479 753 1520 Herlewini
784 1480 827 1520 in
857 1479 899 1520 N
904 1480 1136 1529 ormannia,
1158 1487 1327 1522 creatus
1356 1488 1422 1522 est
1451 1482 1495 1522 in
1524 1482 1725 1524 abbatem
1760 1484 1898 1526 West-

360 1549 608 1590 monasterii
651 1549 870 1591 mediante
906 1565 1006 1606 rege
1046 1550 1260 1591 Willelmo
1301 1551 1465 1592 seniore
1503 1558 1547 1593 et
1583 1553 1899 1610 archiepiscopo
1924 1568 1957 1596 15

78 1626 114 1656 of
127 1625 210 1665 high
360 1617 597 1658 Lanfranco
626 1634 674 1659 ac
696 1619 954 1674 quibusdam
985 1619 1279 1660 Normanniae
1304 1620 1559 1675 proceribus.
1621 1622 1702 1664 iste
1724 1624 1898 1678 quidem

76 1668 227 1743 {Nugffian
360 1687 647 1735 Normannus,
690 1687 844 1728 nobilis
892 1702 1048 1743 genere
1097 1688 1171 1729 sed
1221 1688 1309 1729 vita
1349 1690 1580 1731 sanctitate
1622 1691 1814 1739 nobilior,
1855 1693 1899 1734 in

360 1755 551 1796 scientiis
575 1755 816 1797 trivialibus
839 1762 882 1797 et
899 1756 1238 1811 quadrivialibus
1255 1758 1516 1800 sufficienter
1532 1759 1737 1810 imbutus,
1754 1769 1899 1804 sancte

360 1831 404 1865 et
436 1825 633 1881 religiose
666 1827 805 1867 fuerat
842 1826 1060 1868 educatus.
1123 1827 1245 1882 cujus
1283 1828 1497 1884 magnifici
1536 1837 1746 1885 parentes,
1771 1832 1901 1887 juxta

360 1895 529 1949 generis
551 1896 617 1936 sui
640 1896 912 1937 nobilitatem
937 1903 981 1937 et
1009 1911 1174 1938 morum
1204 1897 1478 1952 probitatem,
1499 1899 1657 1940 ducum
1688 1900 1899 1942 Norman-
1922 1918 1961 1938 20

361 1964 456 2005 niae
499 1965 673 2006 fuerunt
714 1965 768 2006 ab
809 1964 989 2020 antiquo
1030 1965 1260 2006 consiliarii
1301 1966 1515 2022 speciales.
1578 1968 1707 2023 hujus
1754 1970 1900 2026 itaque

361 2034 591 2076 Gisleberti
616 2041 749 2090 pater,
772 2035 944 2076 nomine
969 2035 1222 2085 VVillelnius,
1244 2036 1289 2076 in
1317 2037 1520 2092 obsequio
1548 2038 1700 2080 beatae
1724 2040 1901 2095 virginis

363 2104 523 2144 Mariae
565 2119 694 2159 quam
736 2105 917 2146 devotus
954 2105 1172 2146 exstiterit
1213 2112 1335 2161 patet
1377 2122 1427 2147 ex
1469 2108 1654 2162 quodam
1699 2109 1901 2151 miraculo

362 2172 554 2227 ejusdem
576 2172 783 2227 gloriosae
807 2172 957 2213 matris
974 2172 1055 2222 dei,
1072 2188 1181 2228 quae
1204 2173 1344 2229 ipsum
1367 2175 1422 2215 ab
1440 2175 1635 2217 hostibus
1652 2177 1740 2218 suis
1758 2177 1902 2219 visibi-

361 2243 461 2284 liter
482 2243 691 2284 liberavit.
755 2243 798 2284 in
829 2243 952 2299 cujus
978 2259 1175 2299 processu
1199 2244 1423 2286 evidenter
1444 2247 1688 2288 ostenditur
1717 2248 1903 2303 qualiter
1924 2266 1960 2295 ²5

360 2313 498 2354 filium
521 2328 659 2362 suum,
682 2312 976 2354 Gislebertum
998 2313 1183 2362 nornine,
1201 2313 1349 2355 abbati
1374 2315 1617 2357 Herlewino
1635 2324 1679 2358 et
1697 2318 1902 2359 monacho

361 2382 610 2430 Lansranco,
652 2381 696 2422 in
747 2382 914 2423 artibus
963 2382 1214 2424 liberalibus
1266 2383 1354 2424 viro
1404 2385 1676 2440 peritissimo,
1723 2387 1903 2429 tradidit

360 2450 702 2501 informandum3
724 2458 774 2493 ut
796 2451 839 2492 in
863 2452 1012 2493 eodem
1035 2452 1241 2493 miraculo
1262 2453 1459 2508 sequitur
1479 2454 1523 2496 in
1546 2455 1612 2496 his
1634 2457 1796 2498 verbis:

80 2520 249 2552 Cf·Mi1'a-
448 2520 617 2561 Primus
649 2521 851 2562 fundator
882 2521 1108 2562 Beccensis
1139 2521 1332 2562 coenobii
1368 2523 1550 2565 domnus
1587 2525 1718 2567 abbas
1752 2527 1902 2567 Herle-

79 2563 309 2648 {glssffpprp'
361 2589 496 2631 winus
524 2590 718 2640 exstitit3
749 2591 873 2646 cujus
896 2597 1020 2632 tanta
1042 2598 1287 2632 excreverat
1309 2591 1353 2632 in
1377 2591 1625 2634 Christiana
1646 2602 1902 2651 paupertate
1923 2611 1964 2641 30

79 2651 293 2733 ffiggleass’d’l.
361 2657 543 2706 devotio,
566 2664 615 2699 ut
645 2658 821 2699 baltheo
846 2658 1023 2699 militari
1046 2658 1253 2714 deposit0‚
1276 2666 1320 2700 et
1341 2660 1568 2702 nobilitate
1591 2677 1675 2717 qua
1695 2664 1902 2718 praeemi-

83 2738 218 2770 150001.
239 2719 327 2781 5737').
363 2727 495 2768 nebat
526 2727 664 2768 carnis
695 2727 876 2783 abjecta,
906 2728 949 2768 in
983 2728 1232 2768 monachica
1263 2729 1582 2771 conversatione
1613 2731 1690 2772 soli
1728 2732 1903 2775 liberius

362 2802 533 2838 vacaret
555 2797 643 2838 deo,
705 2797 780 2852 qui
812 2813 911 2839 cum
940 2798 985 2838 in
1010 2798 1195 2853 quodam
1224 2813 1410 2854 congruo
1439 2800 1687 2855 patrimonii
1717 2802 1783 2843 sui
1816 2803 1904 2844 loco

362 2867 475 2909 idem
488 2881 594 2922 opus
611 2867 771 2908 bonum
789 2867 1022 2917 inchoaret,
1037 2867 1150 2923 quod
1167 2868 1438 2924 omnipotens
1455 2869 1560 2911 deus
1577 2870 1905 2926 dispositissima

362 2934 632 2978 ordinatione
671 2937 889 2993 adjectum
927 2943 977 2978 ut
1013 2937 1248 2993 perficeret,
1286 2937 1491 2979 excitavit
1527 2939 1705 2994 spiritus
1741 2941 1902 2983 domini
1924 2957 1962 2987 35

363 3004 662 3055 Lanfrancum,
685 3006 728 3047 in
759 3006 1009 3048 liberalibus
1038 3006 1205 3048 artibus
1228 3006 1365 3048 virum
1389 3007 1674 3064 undecunque
1697 3010 1903 3065 peritissi-

362 3088 506 3125 mun13
538 3081 582 3116 et
614 3082 811 3117 attonsus
843 3076 898 3118 ab
930 3076 1078 3117 eodem
1107 3075 1289 3117 militiae
1317 3076 1524 3132 regularis
1557 3079 1743 3134 sumpsit
1778 3080 1902 3123 indu-

364 3150 572 3186 mentum.
633 3145 687 3186 ad
729 3145 1000 3201 praedictum
1031 3152 1178 3187 autem
1213 3146 1518 3188 monasterium
1552 3156 1785 3204 coeperunt
1823 3151 1901 3191 viri

493 3276 512 3306 6
536 3275 658 3316 ipsius]
675 3277 748 3307 eius
766 3276 818 3308 W.
998 3277 1038 3308 16
1062 3278 1116 3316 ae]
1132 3276 1173 3308 de
1191 3277 1243 3308 W.
1431 3278 1472 3307 35
1496 3278 1672 3317 proficeret
1689 3279 1772 3310 DW.
