2385 3891
1006 418 1254 466 Charters
1836 417 1893 463 61

366 544 653 601 prohibemus,
687 558 825 598 neque
862 557 937 597 per
970 541 1218 583 violentiam
1252 546 1458 581 extranea
1493 552 1674 594 persona
1707 536 1898 577 introdu-

365 621 498 663 catur,
520 613 602 654 nisi
631 627 758 667 quam
782 611 919 652 omnis
940 626 1110 652 concors
1132 609 1406 666 congregatio
1429 608 1619 664 elegerit.
1680 612 1902 662 praeterea

366 684 428 725 illi
465 684 553 724 loco
594 681 797 737 quicquid
834 680 1065 722 contuleris
1104 681 1168 721 vel
1211 680 1413 720 collatum
1453 683 1518 719 est
1552 677 1619 718 vel
1660 676 1902 717 conferetur

365 752 511 793 divina
531 751 790 792 auctoritate
812 756 856 791 et
878 756 1023 791 nostra
1043 749 1301 790 roboramus.
1366 747 1595 803 privilegia
1618 761 1716 787 vero
1738 760 1900 801 posses-

365 822 531 863 sionum
547 827 591 862 et
605 819 870 876 dignitatum
885 819 1089 860 carissimi
1110 818 1251 859 fratris
1265 817 1398 859 nostri
1414 816 1668 858 venerabilis
1683 814 1900 856 Dunstani
1922 826 1938 855 5

364 891 628 945 aliorumque
650 888 841 930 fidelium
865 888 1024 929 ibidem
1049 888 1229 936 indulta,
1251 902 1415 928 necnon
1437 893 1481 927 et
1510 885 1736 942 privilegia
1756 891 1902 926 nostra

363 960 417 1001 ad
440 961 642 1001 honorem
664 957 732 999 dei
754 956 1018 1012 pertinentia
1039 971 1147 1012 quae
1171 956 1229 997 ibi
1253 956 1482 997 instituere
1506 955 1688 996 volueris
1710 953 1901 1010 gratanti

363 1030 520 1071 affectu
558 1027 801 1075 annuimus,
832 1026 1132 1067 confirmamus
1167 1031 1210 1066 et
1243 1024 1531 1065 confirmando
1564 1024 1607 1064 in
1642 1030 1900 1079 perpetuum

363 1106 457 1141 rata
474 1098 764 1153 inviolataque
781 1102 894 1137 stare
912 1095 1181 1137 decernimus
1198 1109 1204 1144 ;
1236 1101 1281 1136 et
1298 1095 1546 1136 infractores
1564 1109 1709 1135 eorum
1727 1099 1902 1134 aeterna

365 1167 664 1210 maledictione
699 1166 966 1214 damnamus,
1002 1165 1295 1206 observatores
1331 1170 1478 1205 autem
1516 1164 1646 1219 hujus
1684 1161 1901 1204 firmitatis
1927 1175 1962 1196 10

364 1238 548 1295 gratiam
586 1243 630 1278 et
672 1234 1005 1276 misericordiam
1039 1250 1064 1274 a
1104 1234 1183 1275 deo
1219 1233 1420 1288 consequi
1456 1238 1714 1273 mereantur.
1775 1246 1902 1272 causa

364 1307 500 1363 igitur
520 1304 785 1347 infractionis
802 1303 935 1345 nostri
958 1302 1173 1358 privilegii
1195 1301 1248 1342 ad
1270 1307 1461 1357 posteros
1479 1306 1645 1342 nostros
1667 1299 1901 1355 perveniat.

363 1376 514 1417 datum
538 1375 768 1415 Ravennae
791 1373 832 1413 ix
855 1371 1059 1413 kalendas
1081 1370 1317 1412 Februarii.

451 1497 598 1538 Bullas
628 1510 725 1536 vero
752 1494 951 1535 Nicholai
980 1508 1117 1549 papae
1149 1508 1197 1533 ac
1228 1491 1473 1533 Innocentii
1505 1491 1692 1541 secundi,
1724 1506 1799 1547 pro
1831 1507 1901 1532 cx-

363 1565 581 1622 emptione
612 1570 656 1606 et
682 1563 983 1620 jurisdictione
1017 1561 1402 1611 Westmonasterii,
1434 1560 1529 1602 vide
1555 1576 1685 1616 supra
1710 1561 1902 1617 capitulo
1926 1577 1960 1606 15

363 1635 558 1692 septimo.

81 1728 322 1804 ἔξῗὲθῇἓῗιῗθ
451 1744 704 1800 Capitulum
727 1742 1039 1784 duodecimum.
1093 1741 1155 1782 Ex
1179 1740 1396 1782 sententia
1419 1740 1507 1781 lata
1528 1755 1604 1795 per
1626 1739 1901 1795 Stephanum

80 1815 282 1899 ἰῖἃῖἓῖξξθΰ
364 1814 722 1858 Cantuariensem
759 1812 1127 1868 archiepiscopum
1166 1817 1210 1852 et
1241 1816 1413 1851 sanctae
1449 1810 1667 1851 Romanae
1700 1809 1901 1850 ecclesiae

82 1903 207 1945 (1222).
363 1885 623 1926 cardinalem
658 1883 843 1924 habetur
876 1882 946 1924 sic.

81 1991 344 2066 fffbgfl‘jmes‘ls
452 1992 675 2035 Universis
696 1997 867 2033 sanctae
890 1992 1040 2033 matris
1062 1990 1264 2032 ecclesiae
1285 1990 1395 2031 filiis.
1458 1996 1502 2031 et
1524 1990 1656 2031 infra:
1923 1996 1963 2017 ²0

451 2062 561 2105 Cum
593 2063 707 2103 inter
738 2062 878 2103 virum
911 2061 1199 2103 venerabilem
1232 2059 1517 2101 Eustachium
1556 2058 1900 2100 Londoniensem

363 2133 620 2188 episcopum.
682 2138 726 2173 et
747 2132 877 2172 infra:

450 2201 782 2244 Considerantes
804 2216 853 2241 ex
884 2200 1130 2256 hujusmodi
1159 2199 1496 2241 dissensionibus
1525 2205 1569 2240 et
1597 2199 1901 2240 schismatibus

364 2271 502 2312 multa
532 2269 757 2311 imminere
788 2269 988 2324 pericula,
1021 2275 1065 2310 et
1102 2285 1153 2310 ex
1184 2269 1401 2310 amicabili
1437 2283 1566 2324 super
1596 2268 1757 2309 eisdem
1789 2283 1900 2308 com-

363 2353 519 2395 ponere
560 2344 650 2379 tam
691 2338 925 2393 temporale
967 2337 1238 2378 commodum
1275 2352 1403 2393 quam
1441 2337 1625 2378 salutem
1659 2336 1899 2377 animarum
1922 2343 1959 2373 ²5

364 2423 484 2464 posse
521 2407 755 2463 provenire,
791 2406 952 2448 auditis
989 2406 1215 2462 utriusque
1252 2406 1389 2463 partis
1426 2406 1728 2447 instrumentis
1760 2412 1804 2447 et
1836 2421 1899 2446 ra-

364 2477 554 2519 tionibus
584 2477 754 2533 plenius
786 2476 1030 2526 intellectis,
1062 2476 1212 2517 habito
1243 2491 1373 2532 super
1404 2476 1469 2517 his
1500 2476 1741 2517 abundanti
1769 2476 1900 2531 juris-

364 2547 600 2603 peritorum
633 2546 819 2595 consilio,
852 2545 1160 2587 monasterium
1195 2545 1666 2594 Westmonasteriense,
1698 2545 1899 2586 abbatem

364 2623 407 2658 et
438 2621 698 2657 conventum
731 2615 785 2656 ab
816 2615 1016 2656 omnibus
1046 2615 1292 2670 praemissis
1324 2614 1517 2655 articulis
1548 2619 1696 2654 contra
1727 2613 1899 2655 eosdem

362 2683 591 2741 propositis
626 2683 813 2725 finaliter
849 2683 1159 2724 declaravimus
1194 2682 1369 2739 penitus
1400 2682 1628 2724 absolutos.
1691 2683 1753 2724 ita
1786 2682 1899 2738 quod
1920 2689 1961 2718 30

363 2754 670 2796 monasterium
688 2754 740 2795 de
759 2753 1142 2794 Westmonasterio
1159 2768 1257 2794 cum
1275 2759 1366 2794 toto
1384 2752 1551 2793 ambitu
1570 2768 1646 2793 suo
1663 2759 1706 2794 et
1724 2753 1900 2793 ecclesia

363 2830 534 2866 sanctae
557 2824 826 2879 Margaretae
843 2839 940 2864 cum
959 2829 1052 2864 tota
1074 2822 1273 2878 parochia
1290 2837 1377 2870 sua,
1395 2836 1492 2862 cum
1510 2821 1710 2862 omnibus
1726 2821 1900 2876 capellis

363 2894 472 2935 infra
500 2893 743 2949 parochiam
772 2893 1035 2949 praedictam
1058 2892 1286 2939 contentis,
1307 2907 1404 2932 cum
1427 2890 1604 2932 decimis
1627 2896 1670 2932 et
1699 2890 1900 2931 omnibus

80 2956 289 3031 ffgglmffigffl
360 2963 637 3019 pertinentiis
668 2963 767 3012 suis,
796 2978 893 3004 cum
925 2962 1088 3003 clericis
1120 2968 1163 3003 et
1196 2962 1313 3003 laicis
1346 2961 1389 3002 in
1424 2976 1474 3002 ea
1505 2960 1817 3010 habitantibus,
1845 2960 1899 3001 ab

81 3042 298 3083 jurisdiction
361 3032 477 3073 omni
513 3032 776 3087 praelatione
813 3037 858 3072 et
892 3031 1194 3087 jurisdictione
1231 3029 1540 3071 Londoniensis
1577 3029 1778 3070 ecclesiae
1811 3029 1898 3070 sint
1919 3036 1957 3065 35

79 3086 257 3162 {2321239
273 3087 307 3118 of
362 3101 498 3142 modis
519 3101 718 3142 omnibus
740 3101 873 3142 libera
894 3101 940 3142 in
960 3107 1218 3157 perpetuum
1243 3106 1286 3141 et
1308 3105 1520 3155 exempta,
1542 3104 1587 3140 et
1608 3104 1898 3140 sacrosanctae

558 3203 596 3233 11
622 3202 761 3234 domino
779 3203 811 3234 d.
1032 3203 1072 3233 21
1097 3201 1443 3241 Eustachium]÷dei
1460 3201 1570 3241 gratia
1586 3200 1647 3233 Ch.
1668 3200 1701 3231 d.

853 3256 894 3286 30
918 3254 1085 3295 propoitis
1102 3254 1164 3285 Ch.
1181 3265 1190 3289 2
1208 3254 1372 3294 propc‘fitis
1388 3253 1419 3285 d.
