2385 3891
651 444 828 508 Ralple
868 442 1120 501 Arundel,
1169 440 1400 491 Wz‘lliam
1435 439 1639 489 Humez
1829 440 1919 485 101

114 580 202 612 Wm.
221 581 368 616 Humez,
482 571 546 611 De
579 570 794 611 Willelmo
827 570 996 610 Humez
1026 567 1194 609 abbate.

113 624 377 707 ἑῗᾟὶτῑᾜρξζᾌῗῗ
483 639 724 680 VVillclmus
745 639 796 679 de
821 638 990 678 Humez
1018 636 1190 678 natione
1223 635 1510 682 Normannus,
1531 633 1645 688 prior
1666 630 1924 673 Frontoniae

113 711 132 740 4
150 710 228 760 Mag
246 711 338 740 1214.
395 714 438 748 et
485 707 715 747 monachus
761 706 1049 755 Cadomensis‚
1091 704 1238 745 codem
1290 718 1401 744 anno
1449 701 1651 743 successit
1698 700 1925 756 Radulpho

115 753 374 836 {giis-hffrleJ-Jffi
393 775 598 831 deposito,
634 782 678 817 ct
718 776 930 817 dominica
971 775 1013 815 in
1051 773 1235 815 crastino
1277 772 1537 813 inventionis
1577 777 1749 812 sanctae
1790 769 1925 810 crucis

395 845 554 886 electus
581 851 645 886 est
672 845 714 886 in
743 845 943 886 abbatem
976 841 1346 885 XVestmonasterii
1362 856 1371 891 ς
1403 848 1446 882 et·
1468 840 1541 881 viii
1565 839 1769 881 kalendas
1790 839 1817 880 J
1823 838 1926 886 unii,

393 914 462 955 dic
493 915 629 956 sancti
662 914 840 962 Urbani,
871 913 1083 954 dominica
1113 912 1275 953 scilicet
1306 917 1477 951 sanctae
1509 909 1731 957 trinitatis,
1762 907 1926 963 accepit

395 983 736 1025 benedictionem
759 998 783 1024 a
809 983 1020 1024 Willelmo
1041 982 1094 1023 de
1123 987 1294 1022 sanctae
1326 979 1485 1020 Mariae
1515 978 1691 1020 ecclesia
1714 977 1925 1018 Londoni-

395 1054 485 1095 ensi
508 1053 714 1109 episcopo.

115 1126 351 1176 Composition
482 1123 571 1164 Iste
593 1122 828 1179 assignavit
849 1120 1078 1162 conventui
1102 1119 1319 1161 redditum
1341 1124 1515 1159 centum
1543 1123 1587 1158 et
1612 1116 1927 1173 quinquaginta

113 1170 329 1252 ngglsseffieoef,
398 1192 599 1233 librarum
625 1192 664 1232 xi
694 1191 923 1233 solidorum
947 1190 989 1231 ix
1011 1188 1280 1230 denariorum
1306 1187 1358 1228 ad
1381 1202 1527 1228 eorum
1550 1186 1775 1242 coquinam
1799 1185 1926 1226 susti-

115 1257 308 1338 2134?ssngoe
398 1261 579 1302 nendam
595 1261 637 1301 in
662 1260 861 1301 maneriis
883 1265 927 1300 et
948 1258 1188 1300 redditibus
1209 1256 1363 1305 assisis,
1385 1262 1512 1312 prout
1533 1260 1656 1311 patet
1677 1255 1720 1295 in
1743 1254 1927 1309 quadam

396 1332 544 1372 charta
570 1331 667 1372 inde
699 1330 889 1371 confecta
904 1343 913 1379 ;
943 1344 993 1369 ea
1014 1326 1257 1369 conditione
1282 1325 1395 1381 quod
1417 1325 1452 1365 si
1475 1340 1526 1365 ex
1555 1323 1726 1372 debitis,
1748 1322 1929 1378 placitis,

399 1399 460 1440 vel
485 1399 579 1440 aliis
607 1398 774 1439 casibus
797 1397 997 1445 fortuitis,
1024 1402 1261 1437 conventus
1290 1393 1526 1449 impeditus
1548 1392 1678 1433 fuerit
1699 1391 1928 1447 quominus

396 1467 614 1524 praedicta
635 1466 825 1507 maneria
854 1471 897 1506 et
927 1464 1123 1506 redditus
1151 1462 1325 1519 pacifice
1357 1461 1586 1517 possideat,
1615 1467 1660 1502 et
1688 1459 1930 1516 praedictas

395 1536 678 1592 possessiones
700 1534 974 1575 warantizare
1003 1548 1087 1574 non
1119 1537 1322 1588 poterunt
1344 1531 1590 1586 praedictus
1611 1530 1743 1571 abbas
1772 1535 1815 1570 et
1837 1544 1929 1570 suc-

395 1621 578 1647 cessores
610 1605 687 1655 sui,
710 1612 814 1645 tunc
841 1602 1058 1659 praedicto
1089 1600 1319 1642 conventui
1347 1599 1568 1655 antiquam
1593 1598 1929 1655 praestationem

394 1683 488 1718 octo
517 1675 749 1717 solidorum
780 1690 856 1730 per
881 1673 1072 1728 singulos
1093 1671 1184 1713 dies
1205 1671 1320 1712 dicto
1342 1669 1572 1712 conventui
1596 1669 1842 1715 restituent,
1866 1668 1928 1709 in-

396 1748 596 1787 fractores
618 1753 662 1785 et
683 1743 966 1785 diminutores
988 1739 1442 1784 excommunicationis
1465 1739 1635 1781 vinculo
1662 1738 1906 1780 innodante.

112 1822 337 1904 (gptrllltffgerfsy
482 1814 672 1855 Praefuit
704 1820 851 1855 autem
883 1812 982 1854 huic
1014 1813 1103 1853 loco
1139 1810 1384 1868 praedictus
1420 1809 1658 1850 Willelmus
1690 1808 1763 1848 viii
1796 1807 1929 1848 annis.

114 1876 125 1894 Χ
270 1875 289 1895 0

113 1908 371 1947 London,1·222
397 1883 439 1924 in
471 1884 593 1939 cujus
623 1897 734 1923 anno
765 1881 930 1931 ultimO,
960 1887 1009 1922 ut
1041 1880 1226 1921 habetur
1257 1879 1301 1919 in
1333 1878 1440 1919 libro
1472 1877 1545 1933 qui
1579 1883 1754 1918 vocatur
1785 1876 1930 1917 Flores
1952 1892 1966 1913 2

113 1951 367 2035 ffi‘gffif'llgff)
397 1952 699 2001 Historiarum,
732 1951 880 1992 sedata
915 1956 981 1992 est
1016 1948 1302 1991 controversia
1336 1953 1452 1989 mota
1492 1947 1606 1988 inter
1647 1945 1929 1987 Eustachium

198 2018 204 2025 ’
344 2019 640 2078 ''cpiscopum
679 2020 1018 2063 Londoniensem
1052 2025 1095 2061 et
1129 2018 1367 2074 capitulum
1401 2017 1538 2058 sancti
1572 2016 1693 2057 Pauli
1726 2030 1775 2056 ex
1809 2020 1930 2070 parte

398 2107 481 2132 una
503 2100 546 2133 et
570 2091 833 2131 VVillehnum
857 2097 960 2131 tunc
982 2089 1183 2130 abbatem
1207 2094 1250 2129 et
1276 2093 1534 2128 conventum
1559 2084 1929 2126 VVestmonasterii

397 2177 446 2202 ex
497 2162 642 2210 altera,
694 2175 770 2215 per
819 2159 1091 2215 Stephanum
1145 2156 1502 2200 Cantuariensem
1553 2154 1931 2210 archiepiscopum,

399 2231 573 2271 Petrum
607 2228 877 2285 Wyntoniae,
909 2227 1140 2268 Ricardum
1177 2226 1333 2268 Sarum
1371 2225 1600 2281 episcopos,
1634 2230 1678 2265 et
1722 2224 1930 2264 Thomam
1976 2243 1991 2273 5

395 2300 447 2341 de
475 2301 670 2341 Mertona
699 2306 743 2340 et
773 2297 1004 2339 Ricardum
1033 2297 1086 2338 de
1113 2296 1356 2352 Dunstaple
1384 2295 1556 2352 priores,
1578 2294 1621 2335 in
1649 2308 1755 2349 quos
1780 2293 1931 2334 ambae

396 2377 538 2426 partes
579 2377 784 2425 tanquam
825 2367 1008 2409 arbitros
1049 2373 1093 2408 et
1139 2366 1255 2423 pacis
1297 2365 1561 2407 ordinatores
1602 2370 1932 2405 consenserunt:

115 2457 164 2490 Cf.
185 2467 216 2497 p.
234 2456 286 2488 61.
396 2439 469 2495 qui
493 2438 796 2480 monasterium
827 2435 1197 2478 Westmonasterii
1229 2435 1283 2476 ab
1314 2434 1560 2475 omnimoda
1590 2432 1856 2489 subjectione
1889 2438 1932 2473 et

390 2507 690 2563 jurisdictione
727 2504 912 2561 episcopi
951 2503 1261 2545 Londoniensis
1297 2504 1472 2559 penitus
1506 2508 1757 2558 exemptum
1794 2501 1931 2542 decla-

398 2581 622 2625 raverunt;
650 2582 694 2616 et
708 2574 1013 2615 ordinaverunt
1029 2572 1142 2627 quod
1157 2572 1333 2613 ecclesia
1349 2573 1401 2613 de
1425 2572 1581 2613 Stanes
1598 2586 1695 2612 cum
1714 2570 1931 2626 pertinen-

398 2645 471 2686 tiis
503 2645 546 2685 in
573 2659 675 2684 usus
701 2642 890 2698 proprios
917 2641 1118 2682 ecclesiae
1150 2640 1618 2682 Westmonasteriensis
1647 2645 1933 2688 convertatur,

398 2721 442 2755 ct
471 2712 708 2754 manerium
737 2711 789 2752 de
816 2710 1075 2766 Sunnebury
1098 2710 1140 2750 in
1164 2710 1449 2765 proprietates
1471 2708 1657 2765 episcopi
1688 2707 1932 2749 Londoniae

399 2791 442 2824 ct
476 2782 651 2824 ecclesia
682 2780 872 2837 ejusdem
912 2779 1089 2821 manerii
1126 2779 1250 2820 cedat
1286 2779 1330 2820 in
1367 2794 1469 2820 usus
1505 2778 1696 2834 proprios
1733 2777 1932 2818 ecclesiae

399 2852 534 2893 sancti
569 2850 690 2892 Pauli
722 2850 766 2891 in
798 2855 1067 2906 perpetuum.
1129 2855 1173 2890 et
1205 2848 1426 2890 ecclesiam
1459 2854 1631 2889 sanctae
1665 2848 1933 2903 Margaretae

399 2937 495 2963 cnm
518 2927 609 2962 tota
631 2920 841 2976 parochia,
862 2934 958 2960 cum
989 2918 1187 2961 omnibus
1216 2918 1390 2974 capellis
1419 2919 1462 2959 in
1485 2917 1684 2974 parochia
1705 2916 1934 2972 aliquando
1977 2933 1993 2962 5

398 2991 624 3040 contentis,
645 3005 739 3031 cum
764 2989 940 3030 decimis
968 2996 1012 3030 et
1041 2987 1240 3029 omnibus
1270 2987 1558 3044 pertinentiis,
1579 3002 1675 3028 cum
1706 2985 1868 3027 clericis
1890 2992 1934 3026 et

400 3060 516 3102 laicis
548 3061 591 3101 in
623 3075 673 3101 ea
704 3058 1015 3107 habitantibus,
1041 3059 1096 3100 ab
1127 3057 1244 3099 omni
1272 3057 1537 3114 praelatione
1563 3062 1607 3098 et
1632 3055 1934 3111 jurisdictione

399 3129 582 3185 episcopi
616 3127 924 3169 Londoniensis
953 3133 998 3168 et
1027 3126 1271 3167 officialium
1298 3126 1390 3181 ejus
1420 3132 1463 3167 ct
1490 3125 1691 3167 ecclesiae
1722 3124 1933 3165 Londoni-

616 3284 635 3314 9
659 3292 720 3312 om.
737 3285 770 3312 et
787 3280 1038 3320 quinquaginta
1058 3280 1097 3311 W
1117 3282 1174 3320 Sp.
1499 3280 1537 3310 10
1562 3279 1610 3318 xi]
1628 3289 1647 3309 x
1664 3279 1714 3311 W.

1951 1203 1987 1224 10

1954 2588 1994 2618 30
