2385 3891
460 433 553 479 126
758 430 941 479 Flete’s
977 430 1041 478 H
1042 428 1202 492 {story
1238 428 1304 492 of
1341 428 1690 478 Westminster

455 554 604 595 cedere
627 560 806 609 possunt
829 553 872 593 in
896 552 1143 593 visitatione
1165 552 1254 601 tali,
1277 552 1321 592 in
1343 552 1486 607 aliquo
1508 566 1552 593 se
1574 551 1926 602 intromiseruntg
1952 558 1997 593 et

457 625 533 665 hoc
556 624 747 664 fecerunt
770 623 932 663 virtute
953 622 1284 677 apostolicarum
1303 622 1558 670 litterarum,
1576 621 1777 663 videlicet
1799 621 1996 663 Clemen-

171 703 220 734 Cf.
240 704 316 734 Lib.
336 705 415 742 Νῑῃ.
457 692 513 733 tis
545 691 676 739 tertii,
709 697 814 742 etc.;
856 697 905 732 ut
936 696 1059 747 patet
1091 691 1135 732 in
1168 691 1352 747 quadam
1385 690 1667 746 inquisitione
1699 697 1825 746 capta
1855 706 1996 732 coram

170 747 371 821 {lzdi’ziriiissik
384 791 423 820 12
457 760 672 801 Willelmo
695 760 830 808 Scott,
854 760 1020 815 Rogero
1051 759 1221 815 Hillary
1248 766 1291 801 et
1320 759 1426 809 aliis,
1456 759 1498 800 in
1525 759 1769 815 praesentia
1789 759 1997 815 praedicti

170 834 204 865 ff.
226 816 342 866 89-94.
428 814 723 876 ’thesaurarii
757 844 868 870 anno
901 829 1023 885 regni
1052 830 1165 885 regis
1195 828 1393 870 Edwardi
1428 828 1549 870 tertii
1575 828 1676 877 xvi0,
1697 828 1766 869 die
1796 829 1998 870 Mercurii
2019 844 2036 874 5

455 899 648 955 proximo
670 905 767 955 post
795 899 953 940 festum
983 899 1229 941 nativitatis
1254 898 1392 940 sancti
1422 898 1634 940 Johannis
1656 898 1884 955 baptistae.
1945 899 1998 940 de

456 969 534 1009 hac
555 975 703 1009 autem
726 968 1005 1024 inquisitione
1028 969 1277 1025 praedictus
1300 968 1593 1010 thesaurarius
1614 983 1699 1009 non
1728 968 1999 1015 sufficienter,

457 1043 505 1079 ut
537 1037 751 1085 credebat,
773 1037 1012 1079 instructus
1043 1038 1293 1094 perduravit
1326 1038 1369 1078 in
1399 1053 1476 1079 sua
1505 1036 1682 1086 malitia,
1704 1043 1748 1078 et
1777 1036 1997 1078 ecclesiam

457 1106 831 1148 VVestmonasterii
853 1122 904 1148 ea
931 1106 983 1148 de
1013 1122 1141 1148 causa
1167 1106 1371 1162 injuriose
1399 1106 1583 1147 vexabat
1598 1120 1606 1156 3
1638 1112 1682 1147 et
1704 1106 1836 1148 abbas
1858 1106 1997 1148 eidem

455 1177 684 1218 resistebat
715 1191 883 1231 semper
918 1176 1163 1231 placitando
1202 1191 1336 1231 usque
1378 1176 1431 1217 ad
1464 1176 1593 1217 finem
1626 1175 1752 1217 vitae.
1827 1181 1870 1217 et
1901 1181 1998 1231 post
2022 1197 2061 1218 10

455 1246 548 1302 ejus
580 1251 761 1287 mortem
794 1245 1013 1300 pendebat
1044 1245 1252 1301 placitum
1287 1260 1422 1301 usque
1454 1245 1519 1294 ad,
1553 1251 1632 1287 etc.

173 1324 226 1355 He
242 1323 369 1363 givesa
408 1368 412 1373 ῃ
543 1314 676 1355 Dedit
707 1319 854 1355 autem
884 1313 1130 1369 praedictus
1164 1314 1296 1355 abbas
1329 1329 1461 1355 unum
1496 1314 1698 1354 baculum
1730 1314 2000 1370 pastoralem,

171 1367 324 1407 pastoral
342 1367 432 1399 staff.
457 1383 750 1425 continentem
781 1383 825 1424 in
854 1383 1067 1424 curvitate
1094 1383 1400 1425 salutationem
1431 1383 1583 1424 beatae
1618 1383 1780 1425 Mariae
1811 1383 2000 1440 virginis,

457 1469 553 1494 cum
578 1469 661 1494 uno
683 1453 835 1509 angelo
859 1468 907 1494 ex
933 1460 1116 1509 utraque
1137 1459 1260 1509 parte
1283 1453 1508 1494 existente.

173 1530 226 1561 He
245 1529 396 1570 presides
546 1522 630 1563 Hic
661 1528 808 1563 autem
842 1522 885 1562 in
917 1522 1106 1577 capitulo
1137 1521 1327 1577 generali
1361 1522 1754 1578 Nor-thamptoniae
1786 1523 1999 1565 celebrato
2023 1543 2060 1573 15

173 1573 376 1656 ἓξὲξξᾶῗῖει
458 1591 621 1648 primus
643 1591 890 1647 praesidens
912 1591 1099 1647 eligitur,
1116 1591 1196 1632 sub
1214 1591 1598 1633 constitutionibus
1614 1607 1751 1648 papae
1775 1592 1999 1634 Benedicti

173 1660 367 1720 chapter‘of
382 1659 439 1691 the
459 1661 529 1710 xii,
557 1661 617 1702 iv⁰
640 1661 737 1702 idus
764 1661 886 1709 Julii,
909 1660 1110 1702 videlicet
1140 1661 1184 1702 in
1212 1661 1360 1717 vigilia
1386 1661 1523 1703 sancti
1554 1662 1777 1703 Barnabae
1806 1662 2001 1717 apostoli,

173 1704 281 1740 01der,
301 1705 394 1734 1538.
457 1746 569 1772 anno
590 1730 753 1772 domini
778 1730 1004 1771 millesimo
1027 1731 1291 1774 cccxxxviii0.
1342 1731 1412 1772 die
1433 1737 1582 1772 autem
1605 1731 1790 1773 crastino
1811 1731 2000 1787 capitulo

458 1807 716 1857 congregato
748 1807 997 1842 executores
1024 1802 1163 1843 locum
1192 1816 1429 1857 congruum
1453 1807 1497 1842 et
1519 1817 1717 1843 securum
1748 1801 1820 1843 ubi
1852 1802 2000 1857 reponi

459 1876 503 1912 et
532 1871 771 1912 conservari
801 1880 945 1927 posset
975 1871 1146 1913 libellus
1177 1872 1367 1927 ipsarum
1391 1872 1752 1913 constitutionum
1779 1872 2000 1928 perpetuis
2022 1894 2062 1915 20

460 1940 741 1996 temporibus,
749 1940 880 1995 juxta
896 1946 1087 1982 tenorem
1110 1941 1303 1983 mandati
1320 1941 1542 1997 apostolici
1560 1941 1605 1982 in
1621 1942 1740 1983 bulla
1757 1941 2001 1983 executoria

176 2021 247 2069 The
263 2020 349 2052 book
368 2021 405 2051 of
459 2010 765 2066 comprehensi,
797 2010 849 2051 de
885 2025 1094 2052 consensu
1131 2011 1312 2067 capituli
1350 2011 1574 2067 eligentes,
1605 2011 1873 2054 considerata
1904 2027 2000 2053 con-

176 2064 414 2147 iiizffisilteeiiesfts
458 2079 650 2135 gruitate
701 2085 745 2120 et
796 2079 1028 2121 securitate
1079 2080 1280 2122 abbatiae
1328 2081 1813 2132 VVestmonasteriensis,
1852 2081 2000 2123 abbati

175 2151 425 2183 westminster.
460 2148 650 2205 ejusdem
694 2148 785 2198 loci,
819 2148 893 2204 qui
935 2155 979 2190 et
1021 2148 1269 2204 praesidens
1311 2149 1463 2198 fuerat,
1499 2148 1774 2205 assignarunt
1815 2151 2000 2192 eundem

460 2216 653 2257 libellum
688 2216 730 2257 in
765 2231 842 2257 sua
877 2216 1003 2257 domo
1038 2216 1194 2257 futuris
1226 2217 1492 2273 temporibus
1527 2218 1823 2259 conservanda.
1885 2218 2000 2260 idem

460 2291 605 2327 autem
636 2285 852 2326 ordinavit
875 2291 923 2326 ut
947 2285 1104 2326 festum
1127 2286 1244 2327 beati
1274 2286 1499 2328 Benedicti
1529 2287 1573 2327 in
1599 2287 1789 2343 quinque
1811 2287 1927 2343 capis
1948 2287 2000 2328 de

461 2361 629 2396 caetero
651 2355 951 2396 celebraretur.

176 2430 243 2463 †29
262 2429 336 2461 Oct.
549 2423 672 2466 Obiit
700 2429 848 2465 autem
878 2423 997 2464 xxix⁰
1019 2424 1088 2465 die
1120 2424 1278 2466 mensis
1306 2424 1515 2472 Octobris,
1537 2440 1648 2466 anno
1674 2426 1835 2467 domini
1866 2426 2001 2468 mille-

178 2472 300 2514 (1344).
461 2494 568 2535 simo
590 2493 766 2543 cccxlii⁰‚
788 2500 832 2535 et
861 2493 981 2549 regni
1015 2494 1128 2549 regis
1151 2494 1349 2535 Edwardi
1372 2494 1418 2536 iii
1441 2501 1537 2551 post
1563 2502 1845 2552 conquestum
1869 2496 2002 2546 xviii0,

176 2572 302 2604 Buried
319 2583 402 2604 near
461 2578 556 2604 cum
581 2563 835 2618 praefuisset
858 2562 1019 2604 ibidem
1042 2579 1066 2604 x
1089 2563 1213 2605 annis
1242 2570 1286 2605 et
1314 2564 1524 2620 amplius3
1560 2567 1841 2622 sepultusque
1870 2573 1935 2609 est
1957 2567 2002 2608 in
2023 2588 2064 2618 30

176 2615 393 2691 {pacfizschal
461 2632 648 2673 inferiori
680 2632 929 2688 pavimento
959 2639 1061 2675 ante
1095 2649 1298 2690 magnum
1331 2635 1478 2685 altare,
1507 2636 1582 2678 ubi
1614 2652 1760 2678 cereus
1790 2637 2003 2694 paschalis

461 2703 568 2744 solet
590 2708 715 2752 stare,
730 2717 781 2743 ex
804 2709 926 2758 parte
949 2703 1151 2745 videlicet
1173 2704 1278 2746 dicti
1301 2705 1540 2761 pavimenti
1563 2706 1734 2749 boreali.
1776 2707 1899 2763 cujus
1916 2707 2002 2749 tale

461 2777 526 2813 cst
549 2771 819 2827 epitaphium
837 2789 844 2813 :

578 2852 662 2893 Hic
693 2852 825 2893 abbas
857 2853 1043 2894 Thomas
1076 2854 1218 2894 Henle
1244 2854 1375 2909 jacet,
1407 2855 1599 2910 aspicito,
1630 2871 1730 2897 mas.

578 2921 716 2970 Petre,
748 2926 872 2976 pater
903 2922 1076 2971 Romae,
1108 2937 1271 2963 memor
1302 2929 1393 2964 esto
1425 2924 1503 2973 sui,
1535 2939 1647 2980 rogo,
1679 2925 1878 2967 Thomac.
2022 2944 2060 2974 35

577 2991 728 3031 fratres
753 2990 852 3045 jure
884 3005 1048 3046 regens,
1080 3006 1241 3032 sacram
1274 2992 1421 3042 vitam,
1452 2993 1549 3042 scio,
1580 2993 1763 3050 degens:

577 3074 704 3100 verax
737 3074 932 3101 sermone
965 3060 1047 3101 fuit
1080 3066 1124 3102 et
1156 3061 1310 3116 plenus
1341 3061 1520 3111 ratione,

576 3128 789 3169 auxilians
822 3144 917 3170 vere
949 3129 1071 3185 genti
1103 3145 1231 3185 quam
1265 3130 1374 3172 vidit
1406 3146 1541 3187 egere.

593 3215 632 3244 13
656 3213 801 3245 circuitu
821 3214 876 3254 Sp.
1067 3216 1106 3246 14
1130 3215 1340 3247 consistente
1359 3216 1414 3256 Sp.
1597 3217 1636 3249 19
1661 3227 1721 3248 om.
1739 3217 1798 3248 ubi
1814 3217 1866 3250 W.

634 3265 674 3296 34
699 3275 758 3297 om.
780 3265 968 3298 Hic—mas
986 3265 1037 3299 W.
1320 3269 1361 3302 37
1386 3278 1447 3299 om.
1465 3268 1748 3300 verax—ratione
1766 3268 1822 3310 Sp.
