2385 3891
76 2538 217 2569 Elected
234 2538 279 2578 bp

76 2582 114 2612 of
127 2581 292 2622 London;

76 2624 137 2655 but
153 2635 270 2656 conse-

74 2668 189 2699 crated
205 2668 249 2708 bp
265 2669 303 2699 of

75 2711 152 2751 Ely,
171 2712 212 2743 20
229 2712 313 2744 Mar.

77 2755 176 2786 1362:
201 2755 303 2786 after-

74 2798 184 2829 wards
200 2798 266 2838 abp
282 2798 319 2830 of

74 2841 300 2882 Ganterbury,

74 2884 238 2922 cardinal,

74 2927 142 2959 and
159 2929 277 2969 legate.

600 459 782 509 Simon
817 459 1142 518 Birclzestmc,
1181 458 1364 507 Simon
1399 453 1684 518 Lanfflwmn
1813 452 1900 497 131

369 585 534 635 celario,
551 585 665 626 dicto
684 584 892 626 Nicholao
907 585 1006 639 jure
1029 583 1288 625 hereditario
1309 580 1568 638 pertinente,
1589 577 1643 619 ad
1665 575 1903 617 utilitatem

369 660 604 696 conventus
645 669 721 710 pro
762 654 861 694 lxxx
900 652 1028 694 libris.
1103 651 1217 693 idem
1259 666 1309 692 ex
1351 650 1462 691 bono
1497 662 1574 689 suo
1610 644 1818 701 regimine
1861 648 1905 684 et

368 723 582 765 industria
618 729 810 779 tempore
848 736 924 763 suo
966 720 1215 763 exoneravit
1251 734 1372 760 suam
1410 716 1630 759 ecclesiam
1662 713 1715 755 de
1745 711 1905 754 debitis

367 792 700 848 praedecessoris
747 792 813 833 sui
855 792 908 832 ad
950 805 1161 832 summam
1211 789 1395 830 duarum
1447 785 1615 827 milium
1661 790 1705 825 et
1746 781 1902 822 ducen-

367 868 508 903 tarum
544 876 792 910 marcarum,
819 868 862 902 et
899 860 952 901 de
987 858 1186 900 ducentis
1221 856 1374 898 marcis
1408 855 1452 896 in
1478 853 1636 910 quibus
1667 856 1903 893 conventus
1925 870 1941 899 5

367 936 458 971 crat
479 930 658 971 diversis
682 929 987 971 mercatoribus
1009 927 1226 983 obligatus
1247 926 1300 966 de
1323 931 1514 979 tempore
1532 921 1901 978 praedecessorum

366 1014 551 1047 suorum,
585 999 773 1039 Thomae
812 998 953 1039 Henle
996 1002 1039 1038 et
1081 995 1270 1038 Simonis
1307 993 1597 1040 Birchestone‚
1630 1005 1705 1046 pro
1746 987 1903 1044 placito

366 1067 503 1108 sancti
527 1067 677 1109 Jacobi
699 1081 829 1123 prope
854 1063 1286 1106 Westmonasterium
1308 1068 1353 1103 et
1381 1061 1486 1102 aliis.
1547 1059 1661 1100 idem
1692 1072 1788 1098 vero
1810 1072 1902 1112 por-

367 1137 528 1179 tionem
554 1142 791 1178 conventus
819 1150 988 1190 semper
1016 1135 1188 1175 fovebat
1215 1139 1259 1174 et
1285 1131 1484 1188 augebat,
1506 1129 1614 1171 nihil
1637 1144 1662 1169 a
1689 1132 1901 1168 conventu

367 1206 411 1248 in
433 1207 569 1248 xeniis
591 1212 860 1261 extorquens,
882 1204 956 1246 sed
978 1219 1028 1245 ea
1049 1203 1110 1245 eis
1139 1202 1410 1259 integraliter
1433 1200 1638 1241 relaxans.
1699 1196 1773 1238 sed
1795 1195 1903 1236 nihil
1928 1213 1965 1234 10

366 1277 411 1318 in
444 1276 848 1332 participationibus
890 1274 1062 1330 reginae
1105 1273 1333 1314 Alianorae
1367 1285 1442 1312 seu
1478 1269 1561 1310 alio
1593 1267 1716 1309 modo
1753 1265 1807 1306 ab
1843 1264 1904 1306 eis

366 1345 560 1394 abstulit,
582 1345 655 1386 sed
683 1359 850 1400 semper
883 1343 1101 1384 fatebatur
1129 1348 1173 1383 et
1201 1340 1371 1382 dicebat
1399 1338 1638 1395 portionem
1668 1340 1904 1377 conventus

366 1415 494 1456 nimis
532 1415 660 1456 fuisse
695 1414 861 1455 exilem.
922 1413 1043 1454 dedit
1068 1418 1216 1453 autem
1250 1410 1380 1466 priori
1417 1414 1462 1450 et
1498 1405 1730 1449 conventui
1768 1420 1902 1446 unum

363 1485 591 1540 gardinum
615 1489 812 1525 vocatum
835 1484 873 1524 le
896 1481 1171 1538 Bourgoigne
1193 1480 1303 1521 infra
1325 1479 1517 1520 clausum
1541 1475 1755 1523 abbatiae,
1775 1480 1904 1515 antea

363 1554 417 1595 ad
433 1553 673 1610 portionem
695 1552 864 1594 abbatis
886 1551 1119 1606 pertinens,
1134 1555 1183 1591 ut
1205 1554 1326 1605 patet
1343 1548 1389 1588 in
1410 1547 1559 1588 charta
1580 1545 1679 1586 inde
1701 1544 1903 1586 confecta.
1931 1561 1964 1591 15

363 1623 466 1666 item
491 1622 698 1665 concessit
720 1622 929 1663 Nicholao
951 1621 1219 1677 Lytlyngton
1243 1626 1347 1660 tunc
1369 1616 1499 1673 priori
1521 1613 1904 1662 Westmonastefli,

364 1698 413 1734 ut
434 1691 772 1733 anniversarium
795 1691 930 1747 ipsius
951 1689 1248 1746 principaliter
1268 1688 1557 1729 celebraretur
1578 1684 1770 1740 quolibet
1792 1698 1903 1724 anno

363 1762 406 1803 in
429 1762 537 1803 festo
558 1759 695 1802 sancti
725 1759 924 1801 Nicholai
951 1758 1150 1814 episcopi,
1174 1763 1223 1799 ut
1247 1755 1417 1812 plenius
1446 1753 1615 1810 patebit
1644 1753 1688 1794 in
1714 1751 1902 1807 capitulo

361 1832 553 1888 proxime
594 1836 812 1886 sequente.
885 1829 999 1870 idem
1048 1827 1264 1869 ordinavit
1309 1826 1352 1867 in
1394 1826 1521 1881 pleno
1561 1823 1750 1879 capitulo
1791 1837 1901 1862 anno

361 1901 524 1943 domini
546 1900 773 1942 millesimo
795 1899 943 1949 ccclii0,
965 1898 1079 1954 quod
1101 1898 1153 1939 de
1183 1903 1325 1938 cetero
1351 1894 1653 1936 ministrentur
1673 1892 1835 1948 species
1858 1898 1902 1932 et
1923 1907 1963 1928 2⁹0

364 1971 512 2013 vinum
534 1986 610 2027 per
631 1969 1001 2012 eleemosinarium
1023 1968 1077 2009 ad
1094 1967 1319 2009 caritatem
1337 1965 1382 2006 in
1398 1965 1467 2006 die
1489 1962 1768 2020 depositionis
1785 1961 1902 2003 beati

363 2041 475 2098 regis
504 2040 712 2090 Edwardi,
734 2046 778 2081 et
806 2039 920 2095 quod
949 2038 1098 2080 eodem
1125 2036 1248 2078 modo
1279 2034 1524 2076 feretrarius
1551 2032 1797 2090 procurabit
1827 2046 1902 2088 pro

363 2117 576 2152 conventu
611 2110 663 2151 de
697 2108 986 2151 oblationibus
1025 2107 1217 2163 ejusdem
1255 2104 1390 2147 sancti
1426 2104 1470 2145 in
1503 2103 1572 2144 die
1610 2101 1902 2144 translationis

362 2181 566 2236 ejusdem.
628 2177 742 2221 idem
770 2178 986 2220 ordinavit
1015 2177 1059 2218 in
1090 2177 1217 2232 pleno
1242 2175 1432 2231 capitulo
1458 2181 1508 2216 ut
1530 2172 1742 2215 festivitas
1763 2171 1899 2213 sancti

363 2249 581 2291 Dunstani
603 2249 647 2289 in
669 2248 858 2304 quinque
881 2246 997 2303 capis
1018 2246 1071 2287 de
1093 2251 1233 2287 cetero
1255 2245 1553 2286 celebraretur.
1921 2259 1959 2289 2¹5

448 2319 570 2361 Idem
599 2325 746 2360 autem
777 2316 1085 2358 monasterium
1113 2314 1383 2371 praedictum
1406 2313 1451 2354 in
1472 2319 1562 2355 tam
1584 2312 1732 2353 debita
1753 2311 1902 2367 regula

361 2394 406 2429 ct
436 2388 516 2429 sub
548 2394 638 2429 tam
669 2388 779 2428 bono
811 2385 1102 2443 gubernaculo
1134 2382 1357 2432 stabilivit,
1385 2381 1499 2438 quod
1530 2380 1612 2422 etsi
1643 2380 1751 2421 nihil
1782 2379 1900 2421 aliud

361 2457 461 2498 boni
490 2457 670 2506 fecisset,
693 2456 927 2498 secundum
960 2454 1077 2496 dicta
1104 2453 1318 2495 seniorum
1353 2451 1431 2493 loci
1456 2450 1677 2507 praedicti,
1699 2449 1899 2491 ecclesiae

362 2526 599 2568 fundatoris
626 2526 779 2567 merito
804 2530 975 2580 poterat
1000 2521 1246 2577 comparari.
1307 2520 1492 2575 denique
1523 2525 1647 2574 pater
1674 2518 1756 2559 iste
1787 2533 1898 2559 anno

360 2595 438 2636 xii⁰
468 2595 535 2636 sui
566 2593 788 2650 regiminis
819 2593 863 2633 in
899 2592 1146 2648 episcopum
1179 2589 1519 2630 Londoniensem
1553 2588 1714 2628 electus
1746 2592 1822 2635 est,
1854 2593 1897 2627 et
1918 2604 1959 2635 30

359 2664 633 2720 postmodum
664 2663 708 2704 in
737 2662 984 2718 episcopum
1014 2660 1231 2702 Eliensem
1260 2664 1530 2700 consecratus
1552 2664 1626 2697 xx⁰
1658 2656 1726 2697 die
1750 2656 1897 2697 Martii

358 2749 468 2775 anno
490 2732 650 2775 domini
675 2731 902 2773 millesimo
923 2730 1113 2780 ccclxii03
1144 2728 1298 2770 deinde
1332 2727 1376 2768 in
1398 2726 1763 2782 archiepiscopum
1786 2725 1897 2767 Can-

359 2802 619 2844 tuariensem
641 2816 649 2853 ;
679 2808 828 2857 postea
845 2816 942 2842 vero
964 2800 1009 2841 in
1026 2799 1325 2855 presbyterum
1342 2796 1599 2838 cardinalem
1619 2794 1737 2836 tituli
1761 2795 1896 2836 saneti

358 2870 499 2921 Sixti3
534 2876 749 2926 postremo
784 2884 881 2910 vero
918 2868 962 2909 in
1002 2867 1247 2923 episcopum
1289 2864 1590 2906 Penestrinum
1626 2863 1896 2912 cardinalem,

357 2956 405 2982 ac
427 2947 531 2982 tunc
552 2939 773 2981 ordinatus
795 2940 963 2994 legatus
985 2954 1009 2980 a
1034 2939 1168 2979 latere
1194 2936 1387 2978 mittitur
1408 2935 1452 2976 in
1475 2934 1677 2990 Angliam
1700 2948 1751 2974 ex
1772 2940 1895 2989 parte
1915 2949 1953 2980 35

358 3025 505 3066 papae.
567 3015 759 3065 tempore
785 3015 930 3050 autem
958 3024 1042 3064 quo
1063 3007 1188 3049 stetit
1210 3006 1252 3047 in
1280 3004 1427 3046 officiis
1449 3002 1704 3045 thesaurarii
1726 3009 1770 3043 et
1798 3017 1894 3043 can-

358 3080 517 3122 cellarii
539 3079 701 3121 domini
723 3079 836 3135 regis
858 3078 1042 3134 Angliae
1059 3083 1104 3119 et
1125 3076 1300 3118 consilio
1317 3075 1521 3131 ejusdem,
1538 3073 1680 3114 dictus
1696 3072 1895 3113 dominus

358 3164 430 3190 rex
448 3148 697 3204 ampliorem
712 3147 911 3189 exhibuit
924 3147 1062 3188 indies
1076 3145 1276 3187 ecclesiae
1293 3141 1740 3185 Westmonasteriensi
1756 3156 1893 3182 rever-

426 3253 445 3282 8
469 3251 612 3287 Westffi‚
631 3252 747 3281 omisso
765 3260 869 3290 prope
886 3249 938 3281 W.
1136 3248 1175 3279 16
1199 3247 1403 3288 Litlyngton
1422 3246 1478 3285 Sp.
1675 3245 1714 3276 19
1738 3243 1894 3283 proximo

359 3303 509 3344 capitulo
527 3305 689 3343 sequente
704 3302 757 3334 W.
876 3303 917 3333 24
942 3302 1024 3334 item
1043 3302 1100 3341 Sp.
1223 3302 1264 3331 28
1288 3298 1438 3340 predicte
1454 3297 1506 3329 W.
1626 3297 1666 3329 29
1691 3295 1818 3336 poterit
1836 3295 1891 3335 Sp.

1710 3367 1801 3399 9-2
