2385 3891
873 421 1156 477 Lanremv,
1208 419 1399 468 Walter
1839 419 1901 464 95

366 547 520 589 solidos
561 546 693 587 annui
735 545 929 587 redditus
966 545 1019 586 de
1058 544 1226 585 villanis
1268 544 1311 584 in
1350 541 1650 597 Patricheseye
1686 538 1905 595 praedicto

367 615 599 656 infirmario
632 614 855 656 solvendos
890 613 1117 655 annuatim
1156 628 1230 668 pro
1263 610 1552 653 anniversario
1584 608 1825 665 praedicto:
1862 614 1906 648 et

367 684 515 726 eodem
538 684 607 725 die
629 699 703 739 pro
725 683 869 724 anima
892 682 1025 739 ipsius
1047 682 1088 722 iv
1111 681 1234 722 solidi
1259 681 1332 721 viii
1350 679 1514 721 denarii
1532 685 1706 720 centum
1724 691 1906 733 pauper-

368 754 464 795 ibus
495 753 703 794 deberent
733 753 909 808 erogari,
947 758 996 794 ut
1028 752 1070 792 in
1104 751 1210 792 libro
1243 748 1636 798 Cmmuetudinarii,
1668 748 1741 789 ivm
1774 754 1908 803 parte,

368 822 557 879 capitulo
579 822 631 863 de
653 821 954 863 anniversariis
983 821 1281 863 defunctorum
1311 819 1465 861 clarius
1490 818 1741 860 declaratur.
1802 831 1908 872 quas
1929 834 1944 863 5

367 892 528 933 scilicet
578 891 774 933 ecclesias
822 891 1093 946 postmodum
1143 888 1410 931 confirmavit
1456 888 1614 929 Lucius
1661 901 1773 942 papa
1818 885 1908 935 iiius,

367 975 581 1002 successor
612 959 871 1001 Alexandri:
903 960 1026 1015 cujus
1056 958 1198 999 bullae
1231 964 1354 998 tenor
1385 956 1483 998 talis
1515 962 1603 997 est:

86 1042 167 1091 Bull
180 1042 217 1072 of
454 1029 613 1070 Lucius
644 1028 878 1084 episcopus,
900 1043 1046 1069 servus
1075 1042 1291 1069 servorum
1321 1026 1402 1075 dei,
1434 1025 1602 1066 dilectis
1630 1024 1729 1065 filiis
1760 1022 1907 1064 abbati

85 1084 317 1162 ἒὲοἷῗξοξέὲ,
368 1105 412 1140 et
450 1098 653 1140 fratribus
692 1097 1077 1146 Westmonasterii,
1108 1097 1292 1137 salutem
1325 1101 1369 1136 et
1402 1095 1678 1150 apostolicam
1709 1092 1907 1134 benedic-

87 1173 170 1214 day’
191 1173 213 1203 f.
233 1172 332 1203 6041).
370 1168 542 1210 tionem.
578 1166 711 1224 justis
733 1165 977 1222 petentium
999 1165 1221 1207 desideriis
1244 1165 1365 1206 facile
1387 1179 1462 1205 nos
1485 1163 1684 1205 convenit
1706 1162 1909 1219 praebere
1934 1178 1970 1200 10

370 1254 601 1287 assensum,
624 1244 667 1279 et
692 1244 789 1278 vota
810 1251 920 1292 quae
942 1252 967 1277 a
988 1235 1165 1277 rationis
1188 1234 1363 1277 tramite
1385 1249 1469 1274 non
1492 1232 1736 1274 discordant
1753 1232 1908 1273 effectu

372 1313 655 1364 prosequente
677 1306 899 1361 complere.
942 1320 991 1345 ea
1013 1310 1199 1360 propter,
1215 1303 1361 1344 dilecti
1385 1302 1427 1343 in
1451 1301 1622 1343 domino
1645 1300 1734 1350 filii,
1759 1300 1910 1341 vestris

365 1378 498 1434 justis
529 1374 894 1433 postulationibus
921 1379 1045 1430 grato
1073 1378 1374 1414 concurrentes
1402 1386 1589 1419 assensu,
1611 1369 1831 1411 ecclesiam
1858 1369 1910 1410 de

373 1447 674 1500 Patricheseya
702 1450 746 1485 et
774 1443 996 1485 ecclesiam
1027 1443 1080 1484 de
1112 1441 1478 1483 Wandlesworthe
1507 1456 1604 1481 cum
1636 1438 1911 1495 pertinentiis

372 1518 472 1567 suis,
503 1531 608 1572 quas
639 1515 775 1556 bonae
806 1513 1036 1554 memoriae
1074 1512 1335 1553 Laurentius
1366 1510 1580 1567 quondam
1614 1510 1745 1551 abbas
1777 1508 1912 1565 ipsius
1937 1524 1971 1552 ¹5

374 1584 619 1628 monasterii
642 1582 789 1624 domui
810 1582 1077 1623 infirmorum
1100 1581 1278 1622 fratrum
1302 1580 1356 1622 ad
1373 1594 1619 1621 communes
1641 1594 1743 1620 usus
1766 1593 1911 1620 eorum

373 1654 626 1698 concessisse
643 1652 891 1701 dinoscitur,
907 1651 1019 1693 sicut
1041 1667 1111 1692 eas
1125 1651 1246 1707 juste
1269 1657 1313 1692 et
1335 1649 1509 1706 pacifice
1532 1648 1771 1704 possidetis,
1795 1647 1913 1688 vobis

373 1725 631 1768 auctoritate
646 1722 878 1780 apostolica
891 1722 1192 1764 confirmamus
1203 1727 1247 1763 et
1261 1720 1499 1777 praesentis
1514 1719 1661 1775 scripti
1677 1718 1913 1775 patrocinio

374 1792 708 1842 communimus3
730 1796 974 1833 statuentes
996 1796 1046 1832 ut
1067 1789 1176 1831 nulli
1198 1789 1370 1831 omnino
1397 1788 1620 1829 hominum
1650 1787 1776 1828 liceat
1806 1787 1913 1828 hanc

374 1863 576 1921 paginam
599 1868 768 1903 nostrae
790 1859 1125 1902 confirmationis
1146 1859 1390 1915 infringere,
1408 1858 1473 1899 vel
1496 1858 1534 1899 ei
1557 1872 1664 1898 ausu
1689 1856 1914 1898 temerario
1938 1869 1976 1891 20

375 1933 596 1976 contraire.
656 1931 692 1973 si
713 1931 810 1987 quis
837 1936 985 1972 autem
1017 1929 1095 1971 hoc
1122 1934 1385 1984 attemptare
1407 1926 1754 1984 praesumpserit,
1776 1925 1914 1980 indig-

377 2003 595 2045 nationem
618 1999 926 2057 omnipotentis
954 1999 1023 2040 dei
1055 2004 1099 2040 et
1124 1998 1349 2040 beatorum
1383 1997 1500 2039 Petri
1526 2002 1569 2038 et
1600 1995 1722 2037 Pauli
1747 2002 1915 2051 aposto-

377 2073 513 2114 lorum
537 2072 630 2128 ejus
652 2086 695 2112 se
714 2070 880 2111 noverit
897 2069 1179 2111 incursurum.
1231 2068 1382 2109 datum
1403 2067 1607 2115 Veronae,
1625 2065 1695 2106 xvi
1712 2064 1916 2106 kalendas

377 2141 550 2198 Aprilis,
571 2139 848 2196 pontificatus
865 2137 1000 2180 nostri
1022 2143 1099 2179 etc.

464 2211 530 2252 De
555 2209 743 2250 Waltero
764 2207 933 2249 abbate.
1938 2213 1976 2243 ²5

92 2291 234 2326 Walter,
466 2280 696 2327 VValterus,
712 2276 928 2333 quondam
950 2276 1065 2332 prior
1083 2274 1354 2331 W'yntoniae,
1371 2280 1539 2315 creatus
1561 2280 1626 2314 est
1648 2272 1692 2313 in
1715 2272 1917 2313 abbatem

94 2334 257 2418 {ffiffieglfy
382 2346 752 2391 Westmonasterii
784 2351 882 2402 post
913 2345 1081 2386 obitum
1112 2343 1336 2385 Laurentii
1366 2341 1614 2398 supradicti.
1677 2341 1745 2382 hic
1770 2347 1918 2382 autem

95 2420 322 2459 Winchester,
378 2419 510 2461 abbas
539 2417 659 2459 dedit
687 2416 731 2457 in
761 2415 880 2457 feodo
912 2430 1010 2456 cum
1042 2428 1250 2456 consensu
1282 2418 1518 2454 conventus
1550 2411 1616 2453 sui
1649 2410 1836 2452 Martino
1867 2410 1920 2451 de

381 2489 559 2545 Capella
590 2485 827 2528 manerium
858 2499 984 2526 suum
1014 2483 1066 2524 de
1096 2482 1294 2524 Denham
1325 2481 1369 2522 in
1401 2481 1609 2522 comitatu
1642 2480 1920 2536 Bukingham

382 2574 457 2615 pro
479 2573 531 2598 xv
555 2556 675 2597 libris
696 2570 772 2611 per
792 2568 978 2594 annum:
1009 2551 1219 2593 decimam
1250 2565 1419 2606 quoque
1441 2550 1493 2591 de
1519 2549 1712 2605 Bulebey
1733 2549 1776 2589 in
1801 2548 1921 2589 feodo
1942 2559 1982 2589 30

383 2627 588 2684 magistro
621 2624 830 2667 Nicholao
862 2622 991 2665 Clerk
1022 2636 1098 2677 pro
1130 2620 1171 2661 iv
1201 2620 1346 2661 solidis
1377 2634 1453 2675 per
1483 2633 1668 2670 annum3
1700 2617 1920 2660 ecclesiam

382 2710 550 2752 quoque
577 2692 715 2735 sancti
737 2690 896 2733 Albani
919 2689 963 2730 in
986 2689 1257 2730 Wodestrete
1284 2687 1529 2729 Londoniae
1560 2686 1762 2742 hospitali
1785 2685 1922 2727 sancti

382 2764 533 2807 Jacobi
565 2778 695 2819 prope
725 2757 1160 2802 westmonasterium
1189 2772 1264 2813 pro
1295 2756 1369 2798 xiii
1399 2756 1545 2798 solidis
1573 2756 1615 2797 iv
1637 2755 1822 2797 denariis
1848 2770 1924 2811 per

384 2849 556 2876 annum.
622 2830 829 2873 concessit
865 2834 1012 2870 autem
1046 2828 1296 2869 Normanno
1329 2826 1499 2867 Blundo
1541 2826 1584 2866 in
1628 2825 1749 2867 feodo
1787 2831 1921 2866 totam

385 2910 542 2946 terram
579 2902 624 2943 in
661 2900 959 2956 Stanynglane
996 2913 1071 2954 pro
1103 2897 1162 2938 xii
1199 2896 1345 2938 solidis
1376 2911 1452 2952 per
1482 2910 1655 2936 annum.
1717 2894 1923 2936 concessit
1944 2905 1982 2935 35

384 2980 532 3016 autem
574 2972 618 3013 in
655 2971 776 3012 feodo
818 2976 955 3011 totam
993 2975 1152 3010 terram
1189 2967 1233 3008 in
1272 2966 1577 3022 Frydaystretc
1613 2964 1802 3007 Johanni
1836 2964 1924 3005 filio

387 3042 576 3093 Roberti‚
607 3056 737 3098 quam
773 3046 923 3096 postea
959 3038 1182 3080 Gilbertus
1217 3036 1270 3078 de
1303 3036 1430 3079 Clara
1460 3050 1600 3076 comes
1631 3033 1924 3076 Gloucestriae

453 3157 492 3186 11
517 3155 641 3187 affectu
658 3155 700 3186 W
718 3154 774 3194 Sp.
935 3152 976 3182 24
1000 3160 1059 3183 om.
1080 3149 1307 3190 pontificatus
1324 3147 1434 3180 nostri
1451 3150 1515 3179 etc.
1533 3147 1565 3178 d.
1720 3144 1830 3177 nostri
1847 3145 1926 3183 etc]

387 3207 498 3239 nostri
525 3216 619 3239 anno
647 3208 711 3237 etc.
756 3205 804 3236 Et
831 3205 915 3235 nota
942 3206 980 3234 ut
1005 3201 1185 3233 invenitur
1212 3201 1248 3231 in
1277 3200 1383 3232 veteri
1411 3200 1538 3240 scripto
1565 3197 1657 3238 quod
1685 3197 1797 3229 dictus
1821 3196 1926 3228 abbas

386 3260 600 3293 Laurencius
624 3258 690 3291 fuit
713 3262 816 3291 antea
840 3256 1032 3288 monachus
1057 3254 1176 3287 Sancti
1199 3254 1325 3286 Albani
1343 3253 1401 3294 Sp.
1607 3253 1648 3284 29
1671 3261 1731 3283 om.
1753 3260 1855 3282 suum
1872 3249 1925 3280 W.
