2385 3891
272 536 375 567 From
393 546 412 568 a
429 536 501 567 bull

271 579 309 610 of
322 589 408 619 pope

272 623 418 654 Paschal
435 623 470 654 II

273 666 504 709 (1099-1118).

272 710 322 742 Cf.
343 710 459 742 Faust.

271 754 299 783 A
316 753 363 791 iii,
383 754 405 784 f.
425 754 496 786 157.

271 797 337 836 (Cf.
355 807 388 836 p.
408 796 472 839 17.)

263 2322 291 2352 A
305 2321 376 2353 bull
389 2321 426 2352 of
441 2331 527 2362 pope

263 2365 430 2397 Innocent
444 2366 478 2396 II
493 2370 526 2397 to

263 2409 303 2439 K.
322 2409 441 2449 Henry
458 2410 484 2448 Ι,

263 2453 305 2483 30
316 2452 391 2492 Sep.
405 2452 527 2494 (1133).

264 2496 313 2527 Cf.
337 2497 495 2527 ‘Domes-

264 2539 345 2579 day'
363 2540 386 2570 f.
406 2541 462 2571 lb.

556 410 619 454 48
869 407 1050 456 Flete's
1085 408 1310 472 History
1346 408 1414 472 of
1448 409 1795 460 Weslmz‘nster

645 533 771 573 Bulla
804 533 1020 574 Paschalis
1051 548 1199 589 papae.

645 619 871 668 Paschalis,
900 634 1046 660 servus
1075 634 1293 660 servorum
1325 619 1406 669 dei,
1435 620 1617 676 glorioso
1647 635 1696 662 ac
1717 621 1875 663 dilecto
1896 621 1984 663 filio
2005 636 2095 671 suc,

556 688 646 744 regi
670 689 921 744 Anglorum,
945 689 1143 731 Henrico.
1205 695 1249 731 et
1271 689 1403 732 infra:

644 757 987 808 Solicitudinem‚
1002 758 1079 798 filii
1097 758 1315 808 carissimi,
1339 759 1531 800 omnium
1554 759 1839 802 ecclesiarum.
1891 767 1935 802 et
1956 761 2093 803 infra:

642 826 809 881 Itaque,
861 827 1142 877 dilectissimi,
1193 827 1396 883 quoniam
1448 828 1565 869 beati
1625 828 1741 869 Petri
1803 831 2092 885 apostolorum
2113 842 2130 871 5

554 894 760 950 principis
796 895 911 936 idem
949 896 1064 937 locus
1100 896 1274 951 speciali
1308 896 1545 952 patrocinio
1586 897 1792 952 subjacet,
1835 903 1879 939 et
1920 905 2092 940 sanctae

556 963 773 1005 Romanae
803 964 1005 1006 ecclesiae
1034 980 1059 1006 a
1089 965 1301 1021 principio
1331 971 1553 1021 tamquam
1585 965 1674 1006 filia
1705 967 1877 1023 propria
1907 968 2094 1010 fideliter

554 1033 784 1084 adhaeretg
836 1050 887 1076 ex
929 1035 1123 1090 injuncto
1165 1035 1287 1076 nobis
1328 1051 1353 1076 a
1393 1036 1473 1077 deo
1513 1037 1780 1092 apostolatus
1821 1037 1956 1079 officio
2001 1044 2091 1079 tam

556 1103 705 1145 vicinis
728 1119 855 1159 quam
879 1105 1003 1161 longe
1033 1105 1185 1161 positis
1216 1106 1410 1162 cogimur
1430 1106 1646 1148 debitores
1668 1107 1863 1157 existere,
1886 1114 1929 1149 et
1952 1108 2091 1149 eidem

553 1172 754 1214 ecclesiae
790 1188 900 1229 quae
936 1173 1194 1229 peculiarius
1230 1175 1283 1215 ad
1312 1175 1385 1230 jus
1420 1174 1535 1216 beati
1579 1175 1697 1216 Petri
1738 1176 1928 1231 pertinet
1969 1192 2090 1218 suam
2115 1188 2153 1209 10

546 1243 767 1298 justitiam
826 1258 1084 1286 conservare.
1174 1250 1446 1300 quapropter,
1497 1259 1551 1285 ne
1613 1244 1765 1286 talium
1824 1245 2091 1301 propositum

556 1312 755 1354 succedat
787 1312 832 1353 in
862 1320 1095 1369 posterum,
1127 1314 1265 1355 locum
1292 1315 1580 1370 praelibatum
1606 1315 1661 1356 ab
1688 1315 1803 1356 omni
1835 1315 2010 1357 servitio
2045 1321 2089 1356 et

552 1382 844 1424 dominatione
882 1383 1111 1440 episcopali
1153 1385 1425 1434 absolvimus,
1459 1390 1503 1426 et
1545 1400 1595 1426 ex
1637 1385 1896 1426 auctoritate
1937 1385 2006 1426 dei
2048 1391 2092 1426 et

553 1458 724 1493 sanctae
752 1452 970 1494 Romanae
999 1453 1199 1495 ecclesiae
1229 1454 1424 1495 funditus
1454 1454 1744 1495 excludimus:
1776 1454 1839 1496 ita
1868 1461 1917 1496 ut
1946 1454 2091 1495 nullus

554 1521 789 1577 episcopus,
815 1522 904 1564 sive
934 1522 1244 1565 Londoniensis
1270 1539 1344 1565 seu
1371 1524 1616 1580 quicunque
1649 1524 1805 1580 aliquis
1837 1525 1957 1574 alius,
1989 1524 2090 1565 illuc
2115 1539 2149 1570 15

552 1590 739 1633 introeat
761 1592 1036 1634 ordinaturus
1057 1599 1134 1634 aut
1156 1593 1319 1649 aliquid
1342 1594 1430 1635 sive
1453 1594 1498 1634 in
1521 1594 1709 1635 maximo
1731 1594 1820 1635 sive
1842 1594 1889 1635 in
1910 1594 2090 1635 minimo

551 1667 870 1716 praecepturus,
892 1662 975 1702 nisi
997 1662 1168 1718 propria
1197 1663 1366 1704 abbatis
1398 1678 1449 1704 ex
1479 1663 1691 1719 petitione
1720 1669 1764 1704 et
1786 1663 2089 1704 monachorum

550 1730 767 1771 communi
793 1730 996 1772 utilitate.
1058 1732 1330 1774 concedimus
1358 1732 1494 1788 igitur
1522 1738 1567 1774 et
1588 1732 1886 1774 robustissima
1906 1733 2089 1774 auctori—

550 1804 641 1840 tate
664 1806 809 1841 nostra
836 1801 1069 1856 apostolica
1096 1802 1390 1857 permittimus
1413 1808 1456 1843 et
1479 1802 1779 1844 confirmamus
1810 1808 1860 1844 ut
1881 1803 1996 1844 locus
2018 1803 2090 1844 ille

550 1869 692 1925 regiae
721 1871 1044 1912 constitutionis
1069 1872 1113 1912 in
1143 1880 1401 1928 perpetuum
1434 1879 1477 1914 et
1509 1872 1838 1914 consecrationis
1869 1873 1985 1913 locus
2021 1872 2089 1922 sit,
2111 1887 2151 1907 20

551 1946 681 1995 atque
714 1939 951 1995 insignium
984 1941 1193 1997 regalium
1225 1941 1538 1997 repositorium.
1599 1941 1656 1983 sit
1687 1942 1819 1983 etiam
1862 1942 1976 1983 locus
2017 1941 2089 1983 ille

550 2009 658 2050 liber
679 2015 723 2050 et
751 2009 806 2050 ab
835 2010 951 2051 omni
980 2010 1200 2052 invasione
1231 2012 1296 2052 vel
1319 2011 1621 2067 inquietudine
1650 2011 1843 2053 omnium
1865 2011 2088 2053 hominum

550 2079 857 2135 cujuscumque
880 2080 968 2121 sint
990 2079 1150 2121 ordinis
1169 2080 1234 2121 vel
1256 2081 1485 2136 potestatis
1507 2081 1741 2131 absolutus,
1754 2096 1807 2122 ne
1825 2081 1902 2122 ulli
1916 2080 2089 2122 omnino

549 2162 753 2202 personae
775 2148 859 2189 nisi
881 2149 972 2205 regi
994 2149 1214 2191 subdatur.

636 2306 762 2347 Bulla
783 2307 1026 2349 Innocentii
1048 2323 1183 2364 papae
1205 2309 1393 2352 secundi.
2107 2328 2146 2359 25

635 2394 914 2436 Innocentius
946 2395 1182 2451 episcopus,
1214 2412 1360 2438 servus
1401 2412 1619 2438 servorum
1661 2396 1742 2446 dei,
1784 2396 2001 2438 carissimo
2042 2396 2087 2437 in

548 2463 721 2505 Christo
772 2464 859 2505 filio
911 2465 1110 2515 Henrico,
1161 2466 1319 2507 illustri
1370 2466 1611 2522 Anglorum
1662 2465 1764 2521 regi,
1806 2466 1991 2506 salutem
2043 2472 2087 2507 et

548 2533 826 2589 apostolicam
859 2535 1219 2577 benedictionem.
1280 2536 1549 2592 praesentiae
1593 2542 1775 2584 nostrae,
1815 2535 1877 2575 fili
1919 2535 2086 2584 dilecte,

549 2618 684 2658 usque
736 2604 789 2644 ad
831 2619 955 2646 aures
997 2604 1240 2660 (cujusdam
1293 2605 1525 2655 Godefridi,
1577 2620 1628 2647 ex
1680 2606 1860 2646 fratrum
1912 2620 2085 2646 suorum

549 2673 750 2714 ecclesiae
802 2674 919 2716 beati
973 2675 1089 2716 Petri
1146 2675 1616 2717 westmonasteriensis
1676 2681 1811 2731 parte,
1860 2674 2087 2727 relatione)
2106 2692 2147 2722 30

548 2743 763 2797 prolatum
805 2749 870 2784 est
911 2744 1053 2799 gravis
1094 2745 1387 2800 querimoniae
1429 2751 1473 2786 et
1515 2744 1732 2786 tumultus
1774 2744 1930 2784 molem
1972 2743 2088 2784 inter

548 2810 771 2852 dominum
813 2812 1058 2853 Gilbertum
1100 2813 1346 2868 episcopum
1388 2813 1731 2854 Londoniensem
1783 2818 1828 2854 et
1878 2812 2085 2853 dilectum

550 2879 671 2920 nobis
695 2880 1200 2923 Westmonasteriensem
1222 2889 1481 2924 conventum
1503 2898 1642 2938 nuper
1657 2882 1859 2923 accidisse
1876 2888 2085 2923 exortam:

551 2947 763 2997 videlicet,
795 2949 908 3003 quod
940 2949 1055 2991 idem
1087 2950 1311 3006 episcopus
1342 2951 1386 2991 in
1418 2951 1487 2992 die
1519 2949 1806 2992 solemnitatis
1839 2954 2082 2990 sanctorum

549 3018 837 3073 apostolorum
873 3019 989 3060 Petri
1024 3026 1067 3061 et
1106 3020 1228 3061 Pauli
1269 3020 1313 3061 in
1355 3020 1531 3062 ecclesia
1571 3021 1775 3075 praefata,
1815 3034 1840 3060 a
1881 3018 2084 3060 fratribus
2104 3036 2142 3067 35

548 3087 690 3143 gratia
710 3103 794 3129 non
818 3103 933 3130 more
963 3096 1149 3139 vocatus,
1172 3089 1322 3132 missas
1344 3090 1555 3132 solemnes
1576 3088 1819 3138 celebravit,
1841 3088 1916 3129 sed
1937 3093 2085 3129 contra

615 3197 655 3226 18
679 3196 844 3236 utilitate]
862 3197 1039 3228 voluntate
1055 3197 1174 3228 Faust.
1192 3198 1220 3228 A
1234 3197 1281 3230 iii.
1462 3199 1503 3228 28
1528 3200 1636 3229 vestre
1652 3197 1705 3229 W.
1861 3197 1901 3228 32
1925 3195 2080 3228 London.

548 3246 746 3287 episcopum
762 3247 784 3278 d
803 3248 850 3289 (=
861 3248 1071 3290 ‘Domesday
1079 3251 1112 3289 ’).
