2385 3891
60 2679 163 2710 From
180 2679 239 2711 the

61 2722 153 2753 First
170 2722 314 2753 Chai-ter

60 2765 97 2795 of
111 2765 150 2796 St
166 2765 324 2798 Edward.

61 2807 112 2838 Cf.
131 2808 284 2840 ‘Domes-

61 2850 142 2891 day’
158 2852 180 2882 f.
196 2853 237 2883 38
250 2854 279 2883 b.

999 411 1246 460 Clearters
1831 416 1889 461 51

356 528 530 584 regibus
545 530 843 581 celeberrimis,
859 533 1196 588 possessionibus
1214 535 1449 591 privilegiis
1466 542 1509 576 et
1531 535 1654 576 variis
1672 550 1892 576 ornamen-

357 603 498 639 torum
520 599 743 654 speciebus
767 601 1046 643 vehementer
1067 603 1206 644 fuerat
1228 604 1384 654 ditata,
1406 610 1451 646 et
1467 605 1510 645 in
1529 619 1613 660 qua
1634 604 1755 644 sedes
1776 605 1893 660 regia

354 671 398 707 et
420 666 535 708 locus
557 670 886 711 consecrationis
909 685 1057 726 regum
1080 672 1324 728 antiquitus
1346 680 1448 715 erat.
1500 674 1608 714 hanc
1630 673 1825 728 praecepi
1844 680 1892 714 ut

353 735 587 778 studiosius
609 743 886 789 restruerent,
918 746 961 781 et
991 755 1137 782 omnes
1160 742 1444 797 possessiones
1466 743 1559 798 ejus
1580 743 1891 794 readunarent;

353 809 398 845 et
430 804 520 860 ipse
552 805 604 847 de
636 807 743 849 meis
775 808 1047 850 dominicatis
1077 810 1201 851 terris
1230 811 1453 867 aliquanta
1480 811 1627 853 addidi
1659 818 1703 853 et
1731 812 1891 854 chartis

352 879 482 929 atque
505 875 711 930 legitimis
733 877 918 919 testibus
940 879 1213 921 corroboravi.

440 943 496 984 Et
537 943 649 985 infra
689 952 786 1001 post
827 946 990 987 bullam
1031 947 1244 989 Johannis
1284 964 1420 1005 papae
1462 950 1687 992 recitatam
1729 951 1889 992 ibidem

351 1011 623 1055 immediate:

438 1081 681 1139 Cognoscat
723 1099 823 1140 ergo
865 1085 1119 1141 magnitudo
1168 1101 1243 1127 seu
1290 1087 1457 1129 utilitas
1500 1094 1640 1129 vestra
1687 1089 1888 1144 quoniam

350 1151 618 1194 decernimus
635 1160 680 1195 et
697 1154 741 1195 in
759 1161 1018 1211 perpetuum
1037 1170 1287 1197 mansurum
1300 1157 1506 1212 jubemus
1520 1164 1650 1213 atque
1665 1158 1890 1199 constitui-

351 1234 456 1270 mus,
479 1227 529 1262 ut
550 1236 626 1277 pro
654 1222 894 1263 reverentia
922 1223 1200 1279 reliquiarum
1230 1224 1522 1279 gloriosissimi
1552 1225 1733 1280 apostoli
1760 1226 1889 1275 Petri,

349 1295 393 1330 et
422 1305 497 1346 pro
526 1291 671 1346 quiete
704 1293 1007 1334 monachorum
1040 1292 1200 1334 ibidem
1233 1294 1311 1335 deo
1344 1294 1660 1343 famulantium,
1682 1295 1815 1335 honor
1846 1302 1889 1336 et

348 1358 440 1400 laus
462 1359 655 1414 ejusdem
677 1361 877 1402 ecclesiae
895 1361 1106 1402 habeatur
1120 1367 1163 1402 et
1181 1362 1448 1403 observetur:
1470 1362 1512 1403 id
1530 1369 1606 1412 est,
1624 1369 1673 1404 ut
1695 1363 1889 1419 quisquis

348 1429 628 1485 fugitivorum
660 1446 736 1486 pro
765 1431 958 1486 quolibet
985 1432 1140 1472 scelere
1169 1431 1222 1472 ad
1251 1432 1487 1487 praefatam
1520 1433 1740 1474 basilicam
1771 1433 1888 1475 beati

347 1498 528 1553 apostoli
571 1499 740 1555 fugiens
782 1500 1047 1555 procinctum
1090 1500 1183 1555 ejus
1224 1501 1462 1551 intraverit,
1499 1502 1587 1543 sive
1629 1503 1758 1558 pedes
1799 1503 1887 1545 sive

348 1583 488 1624 eques,
511 1568 599 1610 sive
617 1569 669 1611 de
691 1570 809 1611 curia
830 1570 962 1626 regali
985 1570 1073 1611 sive
1095 1570 1147 1611 de
1165 1570 1342 1612 civitate
1359 1586 1435 1612 seu
1457 1570 1509 1612 de
1535 1571 1645 1621 villa,
1664 1572 1729 1612 vel
1746 1572 1886 1628 cujus-

347 1652 514 1693 cunque
543 1638 802 1680 condicionis
833 1638 900 1688 sit,
932 1654 1186 1695 quocunque
1217 1640 1374 1681 delicto
1407 1640 1602 1682 facinoris
1633 1648 1781 1683 contra
1811 1658 1886 1684 nos

346 1722 421 1748 seu
457 1707 734 1749 succedentes
771 1722 892 1764 reges
923 1708 1163 1764 Anglorum
1202 1709 1266 1750 vel
1304 1715 1452 1750 contra
1482 1710 1612 1751 alium
1647 1711 1885 1766 quemlibet

346 1776 539 1818 fidelium
555 1783 726 1818 sanctae
741 1777 941 1818 ecclesiae
959 1777 1028 1818 dei
1046 1778 1285 1820 forisfactus
1299 1778 1367 1828 sit,
1384 1779 1601 1821 relaxetur
1617 1785 1661 1821 et
1679 1780 1886 1822 liberetur

347 1851 391 1887 et
437 1846 569 1888 vitam
616 1862 664 1888 ac
711 1847 904 1888 membra
951 1847 1111 1903 absque
1160 1848 1248 1889 ulla
1295 1849 1631 1891 contradictione
1677 1850 1883 1892 obtineat.

346 1920 568 1970 praeterea
582 1914 913 1956 interminamur
926 1915 1072 1956 divina
1086 1915 1345 1957 auctoritate
1360 1923 1403 1957 et
1418 1923 1572 1967 nostra,
1588 1924 1638 1958 ut
1655 1932 1794 1973 neque
1808 1933 1883 1960 nos

346 1997 485 2038 neque
507 1998 765 2025 successores
787 1983 922 2025 nostri
944 1999 1082 2040 neque
1108 1984 1292 2040 quilibet
1314 1985 1538 2041 episcopus
1560 1986 1625 2027 vel
1654 1987 1882 2043 archiepis-

346 2067 475 2108 copus
497 2068 574 2094 nec
602 2053 846 2109 quicunque
872 2053 925 2094 de
951 2053 1180 2109 judiciaria
1208 2060 1424 2110 potestate
1451 2054 1495 2095 in
1524 2055 1661 2111 ipsam
1690 2062 1882 2098 sanctam

345 2121 574 2171 basilicam,
598 2122 663 2163 vel
694 2121 739 2163 in
771 2128 995 2163 manentes
1023 2122 1066 2163 in
1097 2138 1157 2172 ea,
1180 2123 1246 2164 vel
1279 2123 1323 2163 in
1356 2123 1549 2165 homines
1581 2124 1654 2180 qui
1680 2140 1777 2165 cum
1806 2140 1883 2166 sua

344 2190 588 2232 substantia
613 2190 675 2231 vel
698 2190 824 2231 rebus
846 2189 899 2230 ad
921 2189 1058 2244 ipsam
1081 2190 1249 2231 tradere
1272 2190 1338 2231 vel
1360 2190 1566 2232 devovere
1590 2206 1633 2232 se
1656 2192 1882 2242 voluerint,
1904 2215 1919 2235 2

343 2259 426 2301 nisi
466 2274 542 2315 per
584 2259 850 2300 voluntatem
891 2259 1061 2300 abbatis
1102 2267 1146 2300 et
1187 2274 1360 2300 suorum
1403 2260 1707 2301 monachorum
1750 2261 1881 2302 ullam

344 2344 534 2386 unquam
585 2329 772 2370 habeant
822 2334 1094 2384 potestatem.
1155 2328 1230 2369 sed
1280 2328 1337 2369 sit
1387 2329 1491 2370 haec
1541 2335 1689 2370 sancta
1744 2336 1882 2372 mater

345 2399 521 2440 ecclesia
560 2397 787 2455 peculiaris
827 2397 997 2453 patroni
1034 2397 1169 2439 nostri
1210 2397 1327 2438 beati
1365 2398 1483 2439 Petri
1523 2399 1705 2454 apostoli
1748 2400 1881 2441 libera

344 2475 388 2510 et
437 2468 633 2509 absoluta
682 2468 736 2508 ab
786 2466 902 2507 omni
953 2466 1171 2508 invasione
1222 2467 1285 2508 vel
1337 2467 1638 2523 inquietudine
1687 2470 1879 2511 omnium

344 2537 566 2578 hominum
588 2537 880 2592 cujuscunque
903 2536 1062 2577 ordinis
1086 2536 1151 2576 vel
1174 2536 1403 2591 potestatis
1425 2552 1516 2578 esse
1540 2537 1778 2588 videantur,
1799 2545 1877 2581 etc.

430 2673 483 2713 In
504 2671 642 2727 prima
663 2671 811 2712 charta
831 2672 968 2713 sancti
991 2672 1102 2728 regis
1125 2672 1321 2713 Edwardi
1343 2672 1402 2713 sic
1425 2673 1619 2715 habetur.

431 2741 480 2782 In
506 2740 675 2782 nomine
697 2747 868 2782 sanctae
898 2748 941 2783 et
970 2742 1217 2783 individuae
1250 2742 1469 2785 trinitatis.
1532 2759 1610 2799 ego
1633 2743 1877 2794 Edwardus,

344 2816 421 2852 etc.
483 2816 526 2852 et
558 2810 668 2851 infra
699 2816 794 2866 post
831 2811 993 2852 bullam
1026 2811 1180 2853 Leonis
1217 2827 1352 2868 papae
1386 2813 1610 2854 recitatam
1644 2813 1690 2854 in
1726 2814 1875 2856 eadem

341 2879 510 2921 charta:

1914 1172 1950 1193 10

1905 1872 1945 1894 20

1901 2560 1941 2590 30

426 2949 581 3005 Itaque
603 2948 804 2990 decimari
826 2951 1022 3006 praecepi
1044 2966 1213 2992 omnem
1236 2952 1524 2994 substantiam
1548 2968 1698 3002 meam,
1717 2958 1807 2994 tam
1829 2953 1875 2995 in
1896 2969 1934 3000 35

405 3047 424 3076 2
447 3046 603 3078 dedicata
619 3047 671 3078 W.
805 3049 824 3078 3
847 3047 1111 3088 locus]÷eciam
1128 3047 1159 3080 d.
1246 3050 1283 3079 ut
1301 3048 1504 3089 studiosius]
1520 3049 1579 3080 W:
1605 3048 1750 3080 studiosi
1766 3049 1788 3081 d
1806 3050 1875 3091 (sed

340 3108 422 3129 corr.
443 3108 542 3138 supra
567 3099 652 3140 lim).
741 3101 760 3130 5
785 3099 870 3130 meis
887 3106 960 3140 post
985 3100 1082 3130 terris
1107 3099 1128 3130 d
1152 3100 1221 3140 (secl
1247 3103 1305 3132 ins.
1333 3101 1418 3131 meis
1441 3100 1477 3131 in
1501 3111 1602 3141 supra
1629 3102 1688 3131 lin.
1708 3107 1783 3141 post
1807 3101 1874 3143 de).

339 3151 358 3182 9
387 3152 443 3190 qm
467 3149 502 3181 d:
528 3153 596 3189 qua
616 3150 668 3181 W.
912 3151 952 3182 10
976 3154 1139 3191 perpetuo
1156 3152 1188 3183 d.
1446 3154 1485 3183 13
1510 3152 1545 3183 id
1561 3154 1626 3192 est]
1644 3152 1683 3184 d:
1709 3153 1803 3184 Idem
1821 3153 1873 3184 W.

341 3202 380 3233 16
404 3202 577 3241 sen...vel]
593 3212 756 3233 seu...seu
775 3202 843 3243 (sed
859 3213 958 3243 supra
978 3207 1141 3242 rasuram)
1160 3203 1191 3234 d.
1611 3205 1651 3234 24
1669 3206 1723 3244 ea]
1747 3204 1822 3244 ipsa
1840 3205 1873 3236 d.

338 3246 379 3284 '35
403 3252 538 3293 Itaque]
554 3252 591 3284 d:
615 3253 670 3285 Ita
687 3253 776 3293 quod
793 3253 845 3285 W.

1692 3327 1786 3359 4—2
