2385 3891
119 1243 232 1284 Ralph

120 1287 283 1328 Papylon,
302 1287 342 1319 de

120 1331 281 1362 Arundel.

120 1375 201 1406 1201
219 1374 273 1415 [ἦ.

115 1859 325 1891 Celebration

115 1903 150 1934 of
166 1903 240 1934 four

115 1946 278 1978 festivals.

115 1990 166 2021 Cf.
185 1990 340 2022 ‘Domes-

114 2032 179 2073 day
193 2033 199 2046 '
216 2034 238 2064 f.
257 2034 319 2066 629
328 2035 356 2065 b.

673 419 903 469 Willc'cmz
939 420 1185 479 Postard,
1220 419 1399 484 ΕαζρΙι
1437 417 1679 467 Arzmdel
1869 421 1932 465 99

406 541 662 583 infirmarius
683 543 1019 584 anniversarium
1043 551 1234 584 nostrum
1257 543 1437 599 singulis
1458 543 1581 584 annis
1603 542 1645 583 in
1675 548 1933 598 perpetuum

406 611 581 652 honeste
604 618 647 652 et
669 612 869 653 (lecenter
885 619 1092 668 procuret.
1134 612 1324 654 obtestor
1339 618 1486 654 autern
1508 626 1654 652 omnes
1675 625 1934 651 successores

405 694 519 720 meos
559 680 737 722 abbates
778 696 852 737 per
892 681 1162 722 tremendum
1207 681 1420 736 judicium
1462 680 1543 730 dei,
1583 695 1636 721 ne
1678 680 1759 736 ipsi
1803 680 1933 721 ullam

404 749 699 791 infractionem
722 750 821 792 huic
851 766 968 791 meae
997 750 1254 791 concessioni
1284 749 1441 791 faciant
1464 749 1529 790 vel
1551 749 1642 790 fieri
1666 748 1933 804 permittant.

402 818 436 858 si
454 818 549 873 quis
568 834 663 859 vcro
682 819 788 860 hanc
806 825 993 860 nostram
1016 819 1288 860 donationem
1313 825 1356 860 et
1378 818 1689 860 concessionem
1713 818 1757 858 in
1779 832 1934 873 magno
1955 837 1971 867 5

403 888 467 928 vel
491 888 534 928 in
558 888 734 929 minimo
758 889 987 944 infringere
1011 889 1194 929 voluerit
1217 889 1281 929 vel
1304 888 1408 929 alios
1433 888 1486 929 ad
1516 888 1593 929 hoc
1615 886 1935 943 quomodolibet

401 956 663 1005 conduxerit,
711 957 1050 1012 indignationem
1102 957 1410 1012 omnipotentis
1460 956 1527 997 dei
1580 956 1662 997 nisi
1713 955 1934 1011 resipiscat

402 1025 601 1067 incurrat.
663 1032 711 1067 ut
733 1033 879 1066 autem
903 1026 1005 1066 haec
1034 1033 1178 1066 nostra
1211 1025 1422 1066 concessio
1448 1025 1492 1066 in
1521 1031 1778 1081 perpetuum
1808 1025 1936 1065 robur

403 1094 608 1143 obtineat,
649 1109 741 1135 eam
784 1093 1021 1150 praesentis
1065 1093 1213 1149 scripti
1255 1093 1502 1135 testimonio
1543 1100 1586 1135 et
1628 1092 1758 1149 sigilli
1801 1093 1932 1134 nostri

402 1163 669 1219 appositione
700 1162 1000 1211 roboravimus,
1033 1162 1098 1203 his
1130 1161 1315 1203 testibus
1347 1168 1424 1203 ete.
1960 1181 1998 1202 ιο

491 1233 555 1274 De
579 1232 762 1274 Radulfo
786 1232 974 1288 Papylon
996 1231 1163 1273 abbate.

490 1302 616 1342 Anno
644 1300 805 1342 domini
835 1300 1061 1342 millesimo
1089 1299 1170 1341 cci⁰
1203 1299 1457 1355 Radulphus
1491 1299 1681 1354 Papilon‚
1712 1298 1853 1340 dictus
1881 1300 1933 1341 de

403 1370 622 1420 Arundell,
665 1370 825 1411 electus
867 1376 932 1411 est
974 1369 1018 1410 in
1054 1369 1256 1410 abbatem
1301 1368 1684 1417 VVestmonasterii,
1719 1368 1934 1410 Willelmo

401 1435 645 1492 supradicto
665 1436 877 1477 defuncto.
937 1436 991 1476 ad
1007 1435 1260 1477 instantiam
1281 1442 1429 1476 autem
1452 1435 1581 1490 hujus
1602 1435 1772 1476 abbatis
1794 1441 1838 1476 et
1859 1450 1934 1491 pro

404 1504 672 1545 veneratione
704 1510 947 1545 sanctorum
979 1519 1084 1559 quos
1114 1519 1220 1559 puro
1249 1503 1401 1544 dilexit
1432 1518 1586 1553 amore,
1617 1503 1732 1559 prior
1762 1510 1806 1545 et
1837 1519 1933 1545 con·
1959 1525 1992 1555 ¹5

400 1580 554 1615 ventus
591 1573 782 1629 ejusdem
820 1573 898 1614 loci
939 1578 1239 1614 concesserunt
1280 1579 1330 1613 ut
1363 1578 1570 1628 quattuor
1610 1572 1730 1622 festa,
1772 1573 1934 1614 scilicet

399 1648 641 1684 sanctorum
664 1642 899 1691 Laurentii,
922 1642 1155 1691 Vincentii,
1176 1642 1388 1691 Nicholai,
1410 1648 1454 1683 et
1476 1642 1768 1684 translationis
1796 1643 1931 1684 sancti

399 1711 635 1760 Benedicti,
656 1711 708 1752 de
739 1717 906 1752 caetero
938 1710 983 1752 in
1014 1710 1130 1767 capis
1161 1710 1442 1760 celebrentur,
1475 1717 1524 1752 ut
1556 1717 1678 1767 patet
1710 1711 1754 1752 in
1786 1712 1935 1753 charta

397 1781 617 1836 sequenti:

484 1849 697 1892 Omnibus
737 1857 908 1891 sanctae
945 1849 1094 1892 matris
1134 1850 1335 1891 ecclesiae
1371 1850 1471 1891 filiis
1506 1850 1559 1891 ad
1595 1865 1701 1906 quos
1734 1865 1933 1906 praesens
1955 1871 1994 1893 20

396 1920 601 1976 scriptum
626 1919 880 1976 pervenerit,
903 1920 950 1961 R.
973 1920 1114 1961 dictus
1143 1920 1257 1976 prior
1279 1920 1651 1961 VVestmonasterii
1674 1927 1718 1962 et
1740 1920 1932 1975 ejusdem

397 1990 475 2031 loci
497 1996 733 2031 conventus
762 1990 944 2031 salutem
968 1995 1188 2032 aeternam
1217 1990 1261 2031 in
1283 1990 1467 2032 domino.
1528 1990 1696 2031 noverit
1725 1989 1931 2032 universi-

397 2065 463 2100 tas
485 2065 626 2100 vestra
653 2073 729 2100 nos
753 2059 863 2100 bono
891 2058 1035 2100 animo
1065 2064 1109 2100 et
1139 2059 1334 2100 unanimi
1359 2074 1536 2101 assensu
1563 2065 1608 2100 et
1638 2059 1861 2100 voluntate
1888 2066 1932 2101 et

396 2127 530 2168 divini
571 2128 728 2169 amoris
763 2128 945 2169 obtentu
982 2127 1236 2169 concessisse
1273 2133 1318 2169 et
1359 2128 1508 2169 charta
1542 2133 1688 2169 nostra
1724 2127 1768 2168 in
1805 2128 1932 2184 pleno

395 2196 584 2252 capitulo
606 2201 749 2237 nostro
771 2195 1041 2237 confirmasse
1065 2196 1297 2237 venerabili
1326 2203 1370 2237 et
1397 2196 1553 2238 dilecto
1575 2196 1688 2252 patri
1711 2203 1755 2237 et
1783 2196 1928 2238 abbati
1954 2217 1990 2246 25

396 2271 540 2306 nostro
582 2264 810 2321 Radulpho
851 2264 903 2306 de
940 2264 1161 2314 Arundell,
1197 2264 1251 2306 ad
1287 2265 1544 2320 petitionem
1581 2270 1626 2305 et
1664 2265 1930 2306 voluntatem

396 2333 541 2390 ipsius,
562 2333 827 2374 incrementa
847 2333 889 2373 iv
912 2334 1115 2374 festorum
1133 2348 1209 2389 per
1229 2333 1330 2374 anni
1348 2333 1658 2374 revolutionem
1680 2333 1933 2375 celebranda

395 2401 440 2443 in
471 2402 586 2458 capis
613 2409 657 2443 et
682 2401 1022 2458 processionibus
1053 2416 1150 2442 cum
1181 2401 1291 2443 vinis
1320 2409 1364 2443 et
1391 2401 1592 2457 pitanciis
1621 2402 1930 2444 honorabiliter

396 2471 441 2512 in
467 2472 627 2513 eisdem
656 2472 775 2513 festis
806 2471 1097 2512 inveniendis:
1130 2471 1330 2513 videlicet
1359 2472 1517 2513 festum
1547 2471 1664 2513 beati
1694 2472 1930 2522 Laurentii,

397 2541 552 2582 festum
575 2541 691 2581 beati
714 2540 944 2589 Vincentii,
966 2541 1124 2582 festum
1152 2540 1270 2581 beati
1299 2539 1511 2588 Nicholai,
1534 2546 1577 2581 et
1607 2540 1763 2582 festum
1792 2548 1928 2583 trans·
1950 2562 1991 2593 30

398 2609 569 2650 lationis
604 2609 721 2649 beati
758 2608 1006 2649 Benedicti:
1047 2623 1156 2663 quae
1191 2607 1345 2656 omnia,
1382 2607 1502 2663 prius
1538 2623 1636 2648 cum
1673 2609 1851 2650 cervisia
1885 2617 1929 2651 et

397 2677 596 2732 pitanciis
617 2677 869 2733 simpliciter
889 2683 1067 2726 statuta,
1088 2691 1184 2718 cum
1209 2676 1318 2718 vinis
1340 2683 1383 2717 et
1406 2676 1606 2732 pitanciis
1627 2684 1672 2718 et
1700 2679 1927 2733 processio-

396 2746 523 2787 nibus
563 2746 796 2787 statuimus
838 2746 1143 2787 honorabiliter
1183 2745 1446 2787 celebranda.
1519 2746 1754 2788 statuimus
1795 2748 1927 2789 etiam

396 2816 597 2872 quicquid
619 2816 695 2857 fiat
716 2816 768 2857 de
791 2816 1026 2872 pitanceria
1047 2822 1192 2857 nostra
1214 2816 1279 2857 vel
1303 2815 1614 2857 festivitatibus
1635 2816 1860 2866 similibus,
1877 2825 1927 2860 ut

395 2885 555 2927 scilicet
576 2885 702 2926 aliter
723 2885 1005 2941 disponantur
1025 2891 1102 2926 aut
1125 2891 1361 2934 mutentur,
1377 2900 1430 2926 ne
1447 2884 1610 2940 aliquid
1627 2885 1680 2926 de
1697 2886 1927 2942 praedictis
1947 2906 1985 2938 35

393 2955 435 2995 iv
463 2955 773 2996 festivitatibus
807 2955 1027 2996 minuatur
1053 2962 1130 2996 aut
1159 2961 1364 3004 mutetur,
1386 2954 1421 2996 si
1451 2954 1711 3010 possibilitas
1739 2956 1855 3006 assit,
1877 2963 1927 2997 ut

459 3101 478 3130 2
502 3100 658 3132 decenter
675 3104 707 3133 et
724 3101 868 3133 honeste
884 3101 916 3132 d.
1090 3102 1109 3132 3
1134 3101 1188 3132 dei
1205 3101 1372 3132 iudicium
1389 3101 1421 3132 d.
1577 3103 1596 3132 5
1620 3102 1877 3134 concessionem
1894 3106 1927 3134 et

394 3152 620 3184 donacionem
638 3153 669 3184 d.
789 3154 809 3186 6
833 3153 986 3194 quolibet
1002 3153 1105 3185 modo
1122 3153 1154 3185 d.
1282 3155 1322 3186 15
1346 3155 1482 3194 puro]†
1493 3153 1593 3186 corde
1610 3156 1668 3195 Sp.
1794 3155 1926 3196 dilexit]

402 3206 470 3238 ÷et
494 3204 552 3244 Sp.
736 3206 776 3239 27
800 3206 888 3238 festa
905 3205 957 3237 W.
1107 3206 1146 3237 31
1171 3205 1279 3246 beati]
1295 3205 1409 3237 sancti
1426 3205 1478 3237 W.
1637 3207 1678 3237 34
1701 3205 1854 3246 pitancia
1870 3207 1922 3239 W.

394 3257 461 3298 vel]
476 3259 509 3288 et
525 3257 578 3289 W.
711 3260 752 3291 35
776 3258 999 3298 scilicet]÷et
1015 3258 1068 3290 W.

1740 3331 1831 3365 7-2
