2385 3891
313 2817 488 2860 Westffi.

724 410 887 458 Abhot
924 411 1210 473 Berkynfs's
1252 413 1504 475 Tapestry
1917 417 1979 465 27

665 534 740 577 (19)
795 533 864 567 The
890 537 911 567 3
940 535 1072 569 Marses
1097 537 1274 581 conzmsng]
1300 543 1333 570 to
1358 548 1427 582 oeps
1452 535 1572 571 combe.

531 602 600 635 Pro
627 603 771 637 miseris
796 604 918 638 anima
947 605 1084 640 Christi
1111 606 1301 641 descendit
1326 606 1372 641 ad
1398 607 1492 648 ima;

529 658 599 701 Qui
625 658 715 693 dum
741 661 900 694 surrexit
926 661 1090 696 animani
1116 674 1200 696 curn
1227 675 1335 697 carne
1361 663 1510 697 revexit.

529 716 598 758 Qui
626 720 754 761 peccat
779 717 947 759 moritur,
975 718 1045 751 nisi
1073 719 1264 763 poeniteat
1289 719 1487 764 sepelitur;

527 771 597 806 Sed
624 773 743 817 surgit
769 784 852 807 vere
879 774 942 818 qui
969 774 1040 807 ¹scit
1065 786 1132 808 sua
1158 775 1315 809 crimina
1341 774 1437 811 flere.

748 856 823 899 (20)
876 855 993 890 Christ
1018 857 1203 891 ascendam
1228 857 1304 891 into
1332 857 1488 892 Heaven.

529 924 701 959 Christus
728 925 798 959 iter
825 925 956 970 pandit
983 926 1089 960 nobis
1115 927 1203 961 dum
1230 927 1362 972 sydera
1387 927 1544 971 scandit,

528 982 630 1015 Dans
655 994 758 1027 spem
785 982 983 1017 scandendi
1011 984 1039 1017 si
1066 983 1188 1018 subsit
1214 996 1324 1018 causa
1350 985 1523 1019 merendi.

529 1038 597 1072 Est
623 1037 742 1082 pietas
768 1038 835 1081 ala,
862 1039 1014 1083 pietatis
1039 1051 1132 1084 opus
1157 1040 1263 1084 quasi
1290 1040 1398 1083 scala,

529 1093 712 1128 Scandere
737 1106 811 1140 qua
836 1095 976 1140 poteris
1001 1095 1064 1140 qui
1093 1095 1227 1129 coelica
1252 1096 1415 1141 praemia
1441 1097 1597 1141 quaeris.

728 1177 804 1221 (21)
858 1176 928 1210 The
953 1177 1129 1223 comminy
1154 1177 1199 1223 of
1218 1176 1274 1211 the
1299 1177 1507 1223 holy—,qhosa

530 1245 733 1291 Discipulis
758 1245 867 1291 digne
892 1245 1100 1280 dimittitur
1125 1246 1244 1280 almus
1270 1246 1306 1280 in
1334 1246 1416 1291 igne

529 1301 710 1346 Spiritus:
746 1300 919 1335 ardentes
945 1301 1036 1335 facit
1062 1301 1157 1345 ignis
1182 1301 1308 1346 lingua
1334 1302 1548 1346 loquentes:

529 1358 734 1392 Pneumate
759 1358 929 1392 decoctos
955 1358 1044 1392 facit
1070 1358 1197 1392 unctio
1223 1358 1360 1392 coelica
1384 1358 1534 1401 doctos;

529 1415 579 1448 Et
603 1415 656 1448 sic
682 1418 858 1460 purgatos
883 1413 955 1448 sibi
981 1414 1104 1449 reddit
1128 1415 1248 1459 gratia
1273 1419 1409 1459 gratos.

661 1495 737 1539 (22)
789 1495 864 1529 ΟΜ·
889 1493 1022 1528 blessed
1046 1494 1152 1540 Ladgs
1177 1495 1376 1541 ehaunyeth
1401 1495 1460 1529 hir
1485 1495 1557 1541 lise.

527 1557 694 1593 Naturae
720 1559 800 1593 iura
826 1559 938 1593 solvit
963 1559 1065 1603 virgo
1092 1559 1281 1602 moritura,

527 1614 647 1658 Quam
672 1614 740 1650 flos
764 1615 810 1649 de
835 1615 941 1649 Jesse
966 1627 1094 1650 verum
1121 1616 1271 1651 deducit
1296 1616 1342 1651 ad
1369 1628 1458 1652 esse.

526 1671 639 1718 Virgo
664 1684 797 1718 parens
822 1672 920 1707 facta
946 1672 1048 1707 nulla
1074 1672 1270 1718 putredine
1296 1676 1398 1707 tacta

527 1727 622 1762 Cum
649 1728 698 1762 sit
723 1727 875 1762 tristata
901 1728 1063 1762 laetatur
1087 1728 1299 1772 glorificata.

580 1809 655 1853 (23)
708 1808 782 1843 Ouo·
808 1807 940 1843 blessed
965 1808 1073 1854 Lady
1098 1809 1260 1843 erowned
1287 1809 1421 1852 Qcceene
1447 1809 1491 1855 of
1510 1809 1651 1843 heaven.

529 1872 573 1906 In
599 1884 705 1907 cruce
731 1884 934 1918 compassa,
960 1872 1223 1907 lachrimarum
1250 1873 1402 1908 flumine
1428 1874 1535 1916 lassa,

528 1928 649 1962 Mater
673 1928 877 1963 honoratur
901 1929 959 1963 cui
986 1932 1094 1963 tanta
1120 1941 1253 1963 corona
1279 1933 1443 1974 paratim

526 1983 583 2018 Tu
608 1984 671 2028 qui
698 1984 921 2029 compateris
947 1984 999 2018 sic
1025 1984 1283 2030 compatiendo
1310 1985 1461 2018 mereris

526 2040 671 2075 Gaudia
697 2046 781 2086 post
806 2041 960 2084 luctum,
987 2044 1071 2086 post
1097 2042 1218 2076 carnis
1244 2042 1374 2076 funera
1399 2042 1572 2076 fructum.

597 2123 672 2167 (24)
727 2122 797 2157 The
823 2123 938 2157 Abbot
964 2123 1129 2158 Richard
1152 2123 1293 2170 praieth
1322 2130 1355 2157 to
1381 2136 1447 2157 om·
1472 2123 1588 2168 Ladgl.

525 2190 617 2236 Spes
642 2192 789 2226 animae
815 2193 980 2237 miserae,
1008 2195 1062 2236 tn,
1089 2193 1201 2238 virgo,
1228 2193 1300 2227 mei
1328 2193 1521 2233 miserere;

525 2249 576 2283 Et
600 2250 756 2295 supplex
781 2262 844 2284 ora
869 2262 935 2296 pro
961 2251 1126 2296 supplice
1153 2251 1283 2285 mortis
1309 2250 1347 2284 in
1373 2249 1472 2284 hora.

520 2330 596 2374 (25)
648 2330 722 2364 Our
748 2330 855 2377 Lady
874 2343 1010 2377 prayer
1036 2337 1070 2365 to
1097 2331 1213 2366 Clm‘st
1231 2331 1297 2377 for
1319 2337 1357 2377 φ’
1384 2330 1511 2365 Abbotc
1541 2330 1707 2365 Rz'ehard.

527 2399 695 2435 Naturae
720 2401 886 2446 geminae
911 2401 1002 2436 deus
1028 2413 1069 2436 ac·
1095 2401 1215 2445 homo,
1243 2414 1305 2436 rex
1331 2402 1410 2436 sine
1436 2401 1518 2446 fine,

526 2456 584 2490 Sis
611 2457 693 2501 pius
720 2457 805 2491 huic
831 2457 974 2501 humili,
1001 2469 1087 2502 rogo
1113 2460 1151 2492 te
1176 2461 1242 2492 tua
1268 2458 1343 2492 filia
1369 2458 1430 2492 fili.

637 2538 712 2582 (26)
765 2537 879 2572 Christ
905 2538 1096 2572 answerech
1122 2550 1187 2572 our
1212 2538 1319 2583 Lady
1344 2538 1400 2572 his
1426 2538 1571 2572 Motlaer.

526 2607 580 2641 Ut
607 2608 697 2641 mihi
724 2608 774 2642 sit
798 2611 936 2652 gratus,
963 2608 1086 2642 doleat
1111 2608 1265 2642 delendo
1291 2612 1436 2644 reatus:

528 2661 578 2695 Et
603 2662 655 2695 sic
682 2662 806 2696 salvus
832 2663 903 2696 erit
930 2662 1076 2697 veniam
1103 2674 1168 2707 per
1192 2665 1229 2697 te
1255 2663 1320 2708 qui
1347 2663 1513 2707 requirit.

718 2717 896 2752 Ricardus
921 2717 1035 2752 abbas
1061 2718 1148 2752 fecit
1173 2730 1242 2753 me.

552 2819 615 2862 On
645 2826 689 2875 :qe
718 2820 859 2862 North
888 2821 988 2876 syde
1019 2821 1072 2876 of
1092 2827 1135 2876 ψ
1168 2821 1295 2874 chire
1326 2821 1391 2863 the
1421 2827 1536 2875 story
1567 2821 1619 2876 of
1641 2820 1690 2862 St
1722 2819 1915 2861 Edward

820 2897 862 2946 31⁸
894 2891 1014 2946 Kinq
1044 2890 1131 2932 and
1164 2890 1394 2946 Oonfessor.

650 2983 702 3028 (1)
753 2982 855 3029 Kiny
881 2983 1064 3018 Edz‘ldred
1087 2983 1190 3030 lyinq
1216 2996 1261 3018 οη
1287 2983 1342 3018 his
1367 2983 1473 3017 death
1499 2982 1573 3017 bed.

525 3052 660 3098 Anglia
685 3065 750 3088 cur
775 3055 942 3089 moeres?
991 3054 1143 3089 dabitur
1167 3054 1237 3089 tibi
1263 3057 1382 3089 rector
1406 3058 1444 3088 et
1471 3054 1609 3097 haeres,

526 3108 597 3150 Qui
624 3109 681 3143 ius
706 3109 862 3144 dictabit
890 3111 1066 3155 regnique
1091 3110 1203 3145 decus
1226 3110 1430 3145 renovabit.

695 3191 746 3235 (2)
800 3190 934 3234 cheene
959 3190 1089 3226 Emma
1116 3191 1219 3237 ἰρίνῳ
1243 3192 1283 3225 in
1311 3191 1420 3226 C'hz‘ld
1445 3190 1519 3225 bed.

524 3260 592 3295 Est
618 3273 708 3307 puer
733 3262 872 3296 electus
898 3263 1039 3296 ventris
1064 3263 1247 3297 velamine
1272 3266 1413 3297 tectus:

524 3315 622 3351 Voce
647 3319 834 3352 communi
860 3319 1041 3353 successio
1065 3320 1239 3354 convenit
1263 3320 1338 3353 uni.
