2385 3891
95 1166 140 1200 †6
156 1165 234 1197 Dec.

96 1210 177 1240 1114
195 1209 248 1248 [?].

96 1319 218 1350 Buried
236 1318 272 1349 in

95 1362 194 1394 south
212 1362 357 1393 cloister.

94 2221 158 2252 His
174 2221 330 2253 anniver-

97 2275 182 2306 sary.

94 2518 239 2550 Herbert

96 2654 243 2686 founded
260 2654 319 2686 the

97 2697 308 2729 Canonesses

97 2742 132 2772 of
145 2741 298 2773 Kilburn.

788 418 985 467 Gilbert
1025 416 1252 482 Cr'e‘s‘pi'n,
1290 416 1355 465 H
1351 416 1515 465 erbert
1847 415 1909 461 87

376 560 443 586 ine
467 545 531 585 vel
553 560 578 585 a
599 544 828 600 praedictis
850 544 1081 585 baronibus
1103 543 1209 584 meis
1232 541 1406 583 Francis
1427 546 1504 581 aut
1526 538 1680 594 Anglis
1701 538 1781 579 sub
1804 543 1910 579 tem-

375 629 475 670 pore
493 614 575 655 mei
594 614 761 670 imperii
778 614 879 654 data
895 619 1009 663 sunt,
1026 613 1260 660 ederemus,
1276 626 1324 653 ac
1345 626 1415 652 eos
1437 610 1638 651 adversus
1660 608 1911 664 cupidorum

376 683 551 724 insidias
591 682 961 739 praemuniremus
1008 687 1051 722 et
1098 679 1382 722 ecclesiastica
1427 685 1471 720 et
1512 684 1656 719 nostra
1697 682 1913 733 potestate

376 752 632 794 fulciremus,
709 758 753 794 et
789 752 920 793 infra:
963 751 1087 803 Quod
1125 766 1203 806 ego
1239 750 1390 805 utique
1427 748 1480 789 ad
1517 747 1691 789 modum
1729 747 1915 787 libenter

376 821 622 877 suscipiens,
646 822 820 863 hortatu
852 821 1014 877 pariter
1043 826 1088 862 et
1115 819 1415 876 deprecatione
1444 818 1625 874 praefati
1656 816 1914 858 honorabilis
1936 832 1952 861 5

377 891 455 931 viri
487 890 649 932 domini
684 890 911 931 Lanfranci
947 889 1265 945 archiepiscopi,
1297 894 1342 929 et
1372 903 1514 928 amore
1546 887 1682 943 ipsius
1713 886 1914 928 ecclesiae

375 959 556 1008 abbatis,
578 974 652 1015 pro
674 960 814 1000 salute
836 959 1004 1000 animae
1028 973 1146 999 meae
1173 963 1217 999 et
1247 957 1443 998 Edwardi
1473 956 1584 1012 regis
1619 956 1789 1012 cognati
1818 955 1914 1003 11101,

375 1044 472 1070 011111
502 1028 676 1070 consilio
708 1034 752 1069 et
783 1043 990 1069 consensu
1023 1027 1318 1083 episcoporum
1348 1032 1391 1067 et
1421 1025 1681 1081 optimatum
1711 1040 1915 1073 meorum,

376 1100 556 1140 fratrum
578 1098 786 1154 religiosis
807 1097 1092 1154 petitionibus
1114 1111 1334 1137 assensum
1357 1094 1646 1151 praebuimus,
1663 1100 1740 1136 etc.

463 1167 586 1210 Obiit
607 1174 754 1209 autem
771 1173 895 1223 pater
910 1167 994 1208 iste
1015 1166 1113 1223 pius
1130 1172 1173 1207 et
1191 1165 1428 1206 misericors
1444 1171 1565 1205 sexto
1578 1164 1647 1205 die
1666 1163 1916 1205 Decembris
1941 1178 1977 1198 10

377 1252 488 1279 anno
510 1237 673 1278 domini
702 1236 927 1278 millesimo
956 1235 1080 1285 cxiv⁰‚
1103 1241 1147 1276 et
1179 1234 1290 1290 regis
1324 1233 1502 1274 Henrici
1530 1232 1658 1289 primi
1686 1248 1798 1274 anno
1820 1238 1915 1283 xv03

377 1307 658 1363 sepultusque
700 1312 766 1348 est
810 1306 854 1347 in
896 1305 1073 1346 australi
1115 1311 1237 1360 parte
1279 1303 1453 1344 claustri
1491 1303 1543 1343 ad
1581 1302 1711 1358 pedes
1747 1302 1916 1343 abbatis

380 1376 534 1418 Vitalis
556 1376 777 1432 praedicti,
794 1376 837 1416 in
860 1375 1014 1416 tumba
1031 1388 1267 1415 marmorea
1283 1387 1380 1413 cum
1402 1372 1591 1428 imagine
1613 1371 1748 1427 ipsius
1769 1386 1915 1427 super-

376 1445 621 1501 oomposita.
668 1445 791 1500 cujus
812 1443 1083 1500 epitaphium
1107 1443 1150 1483 in
1173 1442 1322 1483 eadem
1346 1442 1498 1483 tumba
1519 1441 1721 1482 scribitur
1742 1441 1785 1482 in
1804 1441 1917 1481 hunc

377 1514 574 1556 modum:
1942 1524 1977 1553 ¹5

494 1596 577 1637 Hic
608 1603 732 1652 pater
762 1595 943 1651 insignis
974 1609 1111 1651 genus
1141 1594 1292 1643 altum,
1324 1592 1443 1649 virgo
1473 1607 1699 1648 senexque,

550 1665 804 1715 Gisleberte‚
828 1665 958 1721 jaces,
991 1665 1064 1706 lux
1098 1663 1166 1705 via
1196 1664 1368 1719 duxque
1402 1663 1499 1704 tuis.

491 1735 610 1777 mitis
641 1751 732 1777 eras
755 1735 904 1791 justus
934 1734 1122 1791 prudens
1153 1733 1274 1775 fortis
1305 1732 1562 1783 moderatus,

548 1805 700 1847 doctus
730 1804 964 1861 quadrivio,
995 1819 1073 1846 1100
1104 1803 1247 1844 minus
1278 1802 1322 1843 in
1354 1801 1491 1843 trivio.

493 1874 552 1916 sic
584 1882 730 1916 tamen
762 1880 938 1916 ornatus
970 1889 1083 1922 nece,
1115 1879 1237 1915 sexta
1269 1873 1361 1914 luce
1393 1872 1654 1921 Decembris,
1938 1890 1978 1910 πο

548 1944 763 2001 spiramen
794 1945 909 1986 caelo
941 1944 1083 1985 reddis
1114 1949 1159 1985 et
1190 1958 1283 1984 ossa
1313 1943 1411 1984 solo.

466 2022 549 2063 Hic
580 2038 749 2078 quoque
778 2028 901 2078 pater
932 2021 1187 2063 venerabilis
1218 2036 1365 2062 omnes
1396 2020 1590 2062 redditus
1623 2020 1676 2061 ad
1705 2035 1914 2061 cameram

376 2092 644 2147 pertinentes
676 2091 907 2133 conventui
939 2090 1188 2147 assignavit,
1219 2096 1263 2131 et
1295 2089 1639 2131 confirmationes
1670 2089 1915 2130 chartarum

377 2161 514 2203 sancti
538 2162 736 2203 Edwardi
762 2178 787 2202 a
815 2161 989 2218 regibus
1012 2160 1239 2202 Willelmo·
1258 2160 1406 2216 pri1n0,
1429 2159 1644 2201 Willelmo
1666 2160 1850 2201 secundo
1873 2168 1916 2201 et

379 2231 566 2273 Henrico
588 2232 725 2288 primo
747 2231 959 2287 sagaciter
983 2230 1246 2287 impetravit.
1274 2255 1279 2260 ·
1307 2246 1382 2286 pro
1410 2245 1496 2286 qua
1523 2229 1698 2285 quidem
1727 2230 1915 2285 assigna·
1937 2247 1975 2276 ²5

378 2302 494 2344 tione
509 2317 699 2344 camerae
713 2301 1052 2343 anniversarium
1071 2300 1206 2357 ipsius
1223 2300 1518 2356 principaliter
1534 2306 1599 2341 est
1613 2300 1915 2341 celebrandum

377 2372 561 2427 septimo
582 2372 678 2414 idus
708 2371 971 2421 Decembris,
993 2376 1043 2412 ut
1071 2376 1194 2426 patet
1219 2370 1326 2412 libro
1349 2369 1741 2418 Consuetudinarii,
1763 2375 1918 2424 quarta

377 2448 512 2497 parte,
533 2442 722 2498 capitulo
744 2442 796 2483 de
818 2440 1121 2483 anniversariis
1144 2440 1227 2481 570.

466 2512 531 2552 De
554 2512 796 2553 Hereberto
817 2511 984 2552 abbate.

467 2581 708 2622 Herbertus
748 2580 880 2621 abbas
913 2579 1088 2620 natione
1125 2578 1402 2619 Normannus
1434 2577 1638 2619 successit
1675 2577 1916 2619 Gisleberto
1937 2594 1977 2624 ,30

377 2649 633 2705 supradicto.
694 2649 776 2690 iste
806 2647 1003 2690 fundavit
1032 2647 1183 2688 cellam
1209 2646 1526 2687 canonissarum
1549 2645 1601 2685 de
1625 2644 1819 2694 Kilborn,
1841 2645 1915 2685 ubi

377 2719 495 2774 prius
526 2719 702 2774 quidam
735 2718 907 2759 nomine
945 2717 1179 2759 Godwinus
1216 2715 1512 2756 heremiticam
1549 2714 1687 2755 multo
1724 2720 1915 2770 tempore

377 2788 562 2829 ducebat
579 2788 713 2829 vitam
731 2804 738 2829 :
764 2794 808 2829 et
831 2788 908 2828 hoc
929 2793 1075 2828 actum
1093 2792 1142 2827 ut
1163 2785 1243 2826 deo
1265 2790 1453 2826 sacratae
1474 2783 1659 2839 virgines
1681 2798 1756 2839 pro
1773 2783 1917 2824 anima

376 2858 489 2915 regis
507 2857 704 2899 Edwardi
726 2864 770 2899 et
792 2872 867 2913 pro
889 2863 1007 2898 statu
1030 2855 1200 2897 abbatis
1222 2861 1266 2896 et
1287 2860 1524 2896 conventus
1547 2854 1914 2895 westmonasterii

377 2929 421 2970 in
438 2934 698 2985 perpetuum
716 2932 951 2968 exorarent.
1004 2924 1162 2967 statuit
1184 2924 1315 2965 etiam
1338 2929 1475 2965 certas
1498 2930 1643 2972 terras,
1660 2938 1850 2964 annonas
1872 2929 1916 2964 et
1938 2940 1975 2970 35

377 2998 566 3039 corrodia
597 2997 806 3053 quaedam
843 3012 941 3037 cum
978 2994 1220 3037 redditibus
1260 2994 1313 3035 de
1350 2993 1608 3034 monasterio
1644 2992 1805 3034 eisdem
1842 3007 1917 3048 pro

377 3073 586 3123 perpetuo
622 3065 841 3122 assignari.
902 3065 948 3106 in
979 3079 1063 3120 quo
1097 3064 1197 3113 loco,
1229 3063 1308 3105 sub
1343 3064 1500 3104 honore
1537 3062 1674 3103 sancti
1706 3062 1918 3104 Johannis

443 3216 462 3245 2
486 3216 540 3254 ac]
557 3213 595 3247 d:
621 3217 659 3245 ut
676 3213 761 3245 DW.
889 3215 906 3245 7
931 3213 1101 3244 eadwardi
1119 3212 1150 3244 d.
1285 3213 1325 3243 14
1349 3223 1410 3243 om.
1429 3211 1547 3243 tumba
1563 3211 1615 3242 W.
1729 3213 1768 3243 37
1794 3210 1918 3250 sancti]

379 3266 469 3298 beati
487 3266 538 3297 W.
