2385 3891
251 1213 310 1243 IX.
346 1212 449 1243 From
457 1210 515 1242 the

251 1256 343 1286 First
361 1255 504 1286 Charter

252 1300 286 1330 of
304 1300 343 1330 Κ.
361 1298 515 1329 William

253 1343 310 1374 the
328 1343 413 1374 Con-

252 1396 385 1425 queror.

252 1429 303 1461 Cf.
326 1430 479 1460 ‘Domes-

252 1473 330 1513 day’
350 1473 372 1503 f.
391 1474 442 1504 52.

260 2641 363 2671 From
380 2649 400 2671 a

261 2684 398 2715 charter
415 2683 450 2714 of

262 2728 302 2758 K.
320 2727 439 2766 Henry
456 2727 483 2757 Ι.

262 2771 314 2801 Cf.
336 2770 489 2801 ‘Domes-

262 2813 342 2854 day'
361 2814 383 2844 f.
402 2814 442 2845 57
455 2814 483 2844 b.

531 424 594 469 54
832 419 1014 468 Flete&
1051 418 1276 479 Historgs
1312 416 1378 479 of
1414 416 1763 465 Westoms'nster

530 542 756 599 stipendiis
793 541 1108 590 monachorum,
1145 555 1219 581 seu
1255 544 1299 580 et
1340 539 1608 580 eleemosinis
1649 554 1888 595 pauperum
1930 539 2064 595 ipsius

530 612 789 660 monasterii,
830 610 1077 667 perenniter
1117 624 1193 665 per
1233 615 1378 650 nostra
1419 609 1589 650 oracula
1639 609 1693 650 ad
1744 609 1965 665 integrum
2007 609 2064 651 sit

530 697 773 724 concessum
826 686 957 736 atque
1008 679 1239 720 indultum.
1331 679 1441 720 hanc
1498 679 1634 735 igitur
1691 680 1884 721 chartam
1943 694 2064 721 meae

530 750 774 792 donationis
803 756 847 790 et
879 748 1094 789 libertatis
1122 747 1166 788 in
1196 747 1265 788 die
1294 747 1577 789 dedicationis
1598 748 1842 804 praedictae
1865 748 2066 790 ecclesiae

531 819 701 860 recitari
717 818 841 874 jussi,
865 833 1004 858 coram
1028 817 1249 872 episcopis,
1277 817 1520 866 abbatibus,
1549 818 1780 859 comitibus
1802 823 1846 859 et
1868 817 2067 859 omnibus
2089 831 2105 861 5

532 889 816 945 optimatibus
844 887 1040 943 Angliae,
1070 887 1272 942 omnique
1301 887 1458 943 populo
1486 887 1691 928 audiente
1720 893 1765 929 et
1793 887 1992 937 vidente3
2023 892 2065 928 et

533 959 767 1000 secundum
828 957 1050 1013 apostolici
1111 957 1266 998 Leonis
1327 957 1505 1012 ejusque
1567 956 1817 998 successoris
1868 955 2068 998 Nicholai

533 1028 819 1070 constitutum
863 1026 1221 1068 excommunicari
1264 1026 1342 1068 feci
1385 1041 1455 1067 eos
1497 1026 1570 1082 qui
1611 1026 1833 1067 decretum
1874 1031 2069 1068 nostrum

533 1098 817 1154 infringerent
840 1098 905 1138 vel
928 1097 1105 1153 infringi
1128 1096 1433 1152 permitterent
1455 1102 1668 1151 quantum
1691 1095 1735 1136 in
1757 1095 1861 1151 ipsis
1884 1101 2010 1137 esset.

621 1201 874 1257 Capitulum
899 1215 1069 1241 nonum.
1131 1200 1184 1240 In
1205 1199 1353 1241 charta
1374 1199 1513 1255 prima
1535 1199 1742 1240 Willelmi
1765 1198 2072 1254 Conquestoris
2096 1220 2134 1241 10

534 1271 594 1313 sic
616 1272 811 1313 habetur.

622 1359 674 1399 In
706 1357 878 1398 nomine
907 1362 1079 1398 sanctae
1112 1362 1156 1397 et
1181 1356 1430 1397 individuae
1453 1355 1677 1406 trinitatis,
1699 1370 1811 1396 anno
1832 1354 2072 1396 dominicae
2096 1398 2100 1400 ,

535 1427 841 1469 incarnationis
876 1426 1104 1467 millesimo
1141 1426 1274 1475 lxvii⁰‚
1311 1441 1389 1481 ego
1424 1426 1667 1467 Willelmus
1704 1425 1773 1467 dei
1810 1424 1951 1481 gratia
1986 1424 2073 1465 dux

536 1497 896 1545 Normannorum,
918 1500 996 1536 etc.
1059 1500 1102 1536 et
1125 1494 1257 1535 infra:

624 1567 815 1607 Favente
841 1566 962 1621 justo
993 1564 1061 1605 dei
1087 1564 1252 1619 judicio
1287 1564 1492 1620 Angliam
1527 1563 1702 1605 veniens
1743 1563 1787 1604 in
1829 1577 1899 1604 ore
1942 1561 2074 1618 gladii
2098 1578 2134 1608 15

536 1651 716 1692 regnum
740 1635 923 1690 adeptus
945 1649 1040 1675 sum
1063 1634 1314 1689 Anglorum.
1375 1639 1419 1674 et
1441 1633 1573 1674 infra:

624 1704 736 1746 Cum
766 1718 866 1758 ergo
892 1701 1192 1757 comperissem
1222 1702 1335 1757 quod
1364 1701 1662 1757 praedecessor
1691 1716 1811 1741 meus
1841 1699 2077 1741 Edwardus

536 1774 672 1815 bonae
706 1772 934 1814 memoriae
967 1787 1040 1813 rex
1072 1771 1306 1813 dimisisset
1339 1786 1535 1812 coronam
1569 1777 1613 1811 et
1644 1770 1728 1810 alia
1759 1769 1922 1825 regalia
1955 1768 2077 1825 regni

538 1843 678 1898 prima
699 1841 752 1882 ad
775 1841 996 1882 ecclesiam
1019 1840 1156 1881 sancti
1180 1839 1298 1881 Petri
1318 1839 1704 1888 Westmonasterii,
1719 1853 1848 1894 quam
1866 1837 2078 1879 divinitus

539 1927 614 1969 pro
655 1911 843 1954 remedio
884 1911 1054 1952 animae
1106 1925 1208 1951 suae
1262 1909 1498 1966 inspiratus
1550 1909 1594 1949 in
1640 1909 1730 1950 loco
1780 1907 2077 1964 paenitentiae
2097 1926 2139 1947 20

540 1983 764 2038 antiquam
794 1981 1137 2029 reedificaverat3
1163 1979 1358 2036 cogitans
1385 1985 1428 2021 et
1451 1979 1541 2035 ipse
1571 1978 1683 2034 quod
1706 1978 1813 2019 dicit
1841 1977 2077 2033 sapientia:

541 2052 738 2095 Stultum
761 2057 826 2092 est
848 2066 931 2092 non
954 2050 1178 2092 attendere
1200 2050 1254 2090 ad
1276 2065 1404 2105 quem
1426 2049 1555 2089 finem
1578 2047 1742 2090 tendas.
1804 2053 1848 2088 et
1870 2047 1979 2088 infra
1998 2063 2005 2088 :

628 2121 809 2163 Decrevi
831 2135 977 2162 onmes
999 2120 1171 2161 omnino
1194 2120 1392 2161 ecclesias
1414 2119 1483 2160 dei
1499 2118 1687 2159 exaltare
1711 2123 1754 2158 et
1773 2118 1989 2167 honorare,
2004 2116 2078 2157 sed

541 2191 726 2232 maxime
778 2190 896 2230 illam
948 2189 993 2230 in
1044 2189 1166 2244 cujus
1217 2195 1411 2229 materno
1454 2193 1575 2228 utero
1615 2201 1768 2242 corpus
1819 2185 1982 2227 domini
2034 2190 2079 2226 et

541 2259 875 2316 praedecessoris
926 2258 1011 2299 mei
1061 2257 1244 2314 praefati
1296 2257 1480 2298 refotum
1532 2255 1781 2311 sepulturae
1831 2254 1978 2310 requie
2029 2260 2079 2295 ut
2101 2271 2140 2302 ²5

543 2329 756 2371 cernimus
797 2328 1038 2384 requiescit,
1079 2333 1123 2368 et
1164 2327 1209 2368 in
1250 2341 1334 2382 qua
1374 2326 1465 2381 ipse
1507 2325 1598 2366 oleo
1639 2331 1812 2366 sanctae
1864 2324 2080 2366 unctionis

542 2404 778 2454 perunctus
807 2404 850 2438 et
879 2412 1031 2438 corona
1056 2396 1177 2452 regni
1209 2411 1233 2436 a
1261 2395 1339 2436 deo
1370 2409 1446 2450 per
1477 2393 1744 2450 pontificales
1767 2408 1920 2434 manus
1941 2393 2080 2449 primo

543 2483 654 2509 anno
698 2466 899 2508 victoriae
941 2481 1060 2507 meae
1102 2465 1193 2521 ipso
1239 2464 1307 2506 die
1355 2463 1599 2505 nativitatis
1644 2462 1808 2504 domini
1854 2462 2081 2504 celebriter

544 2542 770 2577 coronatus
802 2550 909 2584 sum,
941 2542 1020 2576 etc.

632 2639 684 2679 In
707 2638 855 2679 charta
876 2637 988 2693 regis
1012 2636 1191 2678 Henrici
1213 2635 1341 2692 primi
1364 2635 1423 2677 sic
1445 2635 1632 2676 habetur
1651 2651 1658 2676 :
2103 2655 2144 2686 30

634 2706 848 2748 Henricus
870 2706 938 2747 dei
960 2705 1101 2761 gratia
1123 2705 1361 2761 Anglorum
1385 2720 1459 2746 rex
1489 2703 1832 2760 archiepiscopis,
1862 2702 2083 2759 episcopis,

547 2783 626 2819 etc,
688 2783 731 2818 et
754 2777 889 2817 infra:

634 2846 792 2888 Sciatis
824 2845 1110 2886 communiter
1142 2860 1209 2886 me
1240 2860 1315 2900 pro
1348 2843 1644 2899 redemptione
1680 2843 1849 2884 animae
1883 2857 2004 2883 meae
2039 2847 2083 2883 et

548 2916 683 2972 patris
728 2922 772 2957 et
814 2915 964 2956 matris
1012 2930 1144 2964 meae,
1184 2929 1350 2955 necnon
1391 2919 1436 2954 et
1483 2913 1636 2954 beatae
1690 2912 1919 2954 memoriae
1970 2911 2084 2967 regis

550 2985 747 3026 Edwardi
779 2984 950 3040 cognati
983 2984 1079 3033 mei,
1110 2983 1184 3039 qui
1216 2989 1384 3039 patrem
1421 2997 1565 3023 meum
1600 2981 1840 3037 liberosque
1877 2981 1995 3023 illius
2038 2981 2083 3022 in
2104 3000 2142 3031 35

549 3070 728 3110 regnum
751 3069 877 3095 suum
900 3053 1124 3109 adoptivos
1153 3052 1330 3093 heredes
1359 3051 1623 3099 instituerat,
1644 3051 1856 3107 accepisse
1885 3050 1931 3091 in
1953 3066 2083 3092 manu

550 3139 645 3165 mea
686 3129 730 3164 et
780 3122 1024 3164 defensione
1077 3128 1218 3163 totum
1270 3122 1473 3162 honorem
1525 3120 1726 3162 ecclesiae
1777 3120 1915 3162 sancti
1967 3120 2085 3162 Petri

619 3217 633 3245 1
661 3217 732 3255 seu]
751 3215 809 3246 sed
826 3215 878 3246 W.
1055 3215 1262 3245 elemosinas
1279 3214 1433 3247 Charter.
1608 3215 1647 3244 18
1671 3213 1711 3244 be
1729 3211 1893 3243 memorie
1909 3211 2086 3252 predictus

552 3278 609 3298 rex
625 3268 656 3299 d.
837 3268 877 3298 26
902 3267 1087 3306 cernimus]
1105 3267 1141 3298 d:
1168 3266 1338 3297 terminus
1355 3267 1406 3298 W.
1586 3276 1690 3305 quam
1708 3265 1729 3296 d
1746 3265 1798 3298 W.
