2385 3891
67 1179 168 1210 From
185 1179 244 1210 the

68 1222 172 1254 Third
188 1222 331 1254 Charter

68 1266 103 1297 of
120 1265 158 1297 St
170 1266 329 1298 Edward.

996 425 1243 473 Clzarters
1828 427 1890 472 53

355 547 486 589 fuerit
529 548 668 589 elatus
710 548 775 589 vel
817 548 1032 596 seductus,
1072 554 1286 603 quatenus
1324 549 1401 589 hoc
1437 554 1631 589 nostrum
1674 554 1889 589 statutum

354 617 584 673 infringere
628 618 692 658 vel
735 618 927 659 minuere
969 624 1045 658 aut
1088 618 1131 658 in
1172 618 1290 658 aliud
1332 624 1500 658 mutare
1544 617 1660 666 velit,
1702 616 1808 658 sciat
1845 631 1889 658 se

353 692 563 742 perpetuo
594 687 871 728 anathemate
903 687 1169 735 damnatum,
1201 687 1283 727 nisi
1315 702 1411 728 curn
1441 686 1573 742 digna
1599 686 1890 727 satisfactione

354 756 674 807 emendaverit3
724 757 790 797 sin
832 763 978 798 autem
1021 757 1321 797 emendatione
1368 757 1498 797 fuerit
1541 756 1756 811 indignuS‚
1799 756 1889 811 ipse

352 823 526 878 quidem
548 839 646 865 cum
668 824 696 866 J
700 825 784 865 uda
808 824 1012 865 traditore
1035 825 1268 866 (alehennae
1292 825 1465 880 ignibus
1487 825 1757 866 cremabitur.
1815 824 1887 865 sed
1910 834 1926 863 5

353 892 457 933 haec
485 893 633 934 charta
657 893 936 934 nihilominus
966 894 1010 934 in
1032 908 1109 934 sua
1141 894 1341 935 libertate
1373 894 1656 949 permanebit,
1682 894 1888 949 quamdiu

353 960 589 1003 Christiani
611 962 796 1003 nominis
819 962 947 1003 timor
975 968 1019 1003 et
1041 978 1159 1003 amor
1181 963 1226 1003 in
1256 963 1333 1003 hac
1356 969 1501 1004 nostra
1521 969 1651 1018 gente
1673 978 1888 1018 persever-

352 1031 500 1081 averit,
523 1037 601 1073 etc.

439 1170 491 1211 In
513 1170 720 1214 <tertia>
743 1170 891 1212 charta
913 1170 1049 1211 sancti
1073 1169 1186 1226 regis
1209 1169 1406 1211 Edwardi
1428 1169 1487 1211 sic
1510 1170 1712 1211 habetur:

437 1256 490 1296 In
513 1256 684 1297 nomine
707 1262 879 1297 sanctae
901 1262 945 1297 et
968 1255 1216 1296 individuae
1240 1254 1461 1296 trinitatis.
1522 1261 1698 1310 propter
1719 1269 1789 1296 eos
1812 1255 1887 1310 qui
1910 1267 1948 1289 10

345 1325 565 1381 justitiam
588 1325 657 1366 dei
686 1330 982 1374 contemnunt,
1012 1331 1091 1365 etc.
1154 1339 1288 1379 usque
1317 1329 1414 1379 post
1436 1324 1598 1365 bullam
1621 1324 1821 1365 Nicholai
1842 1324 1887 1365 in

350 1394 499 1435 eadem
522 1394 670 1435 charta
691 1394 917 1435 recitatam
936 1408 944 1443 ,·
977 1400 1021 1434 et
1043 1399 1139 1448 post
1162 1408 1298 1448 pauca
1320 1393 1506 1434 habetur
1526 1393 1687 1434 ibidem
1707 1409 1714 1434 :

438 1463 493 1504 Et
526 1478 602 1518 pro
638 1463 868 1518 magnifica
903 1462 1119 1518 dignitate
1156 1462 1245 1503 sive
1279 1462 1412 1518 regali
1455 1462 1711 1503 excellentia
1752 1462 1887 1518 ipsius

350 1533 562 1582 ecclesiae,
585 1539 628 1574 et
650 1548 725 1589 pro
753 1533 900 1588 quiete
930 1532 1233 1573 monachorum
1268 1531 1430 1572 ibidem
1460 1531 1539 1573 deo
1570 1532 1886 1583 famulantium,

349 1607 499 1643 tantus
550 1602 684 1643 honor
734 1601 873 1643 eidem
926 1601 1128 1642 ccclesiae
1181 1601 1393 1642 habeatur
1443 1601 1488 1641 in
1539 1606 1799 1657 perpetuum
1842 1610 1886 1642 et
1910 1613 1944 1642 ¹5

349 1671 609 1721 observetur,
660 1676 710 1712 ut
760 1685 899 1727 neque
950 1685 1026 1711 nos
1077 1685 1216 1726 neque
1267 1685 1528 1711 successores
1569 1670 1704 1711 nostri
1746 1685 1885 1727 neque

348 1741 533 1797 quilibet
569 1741 793 1796 episcopus
829 1755 906 1781 nec
947 1739 1193 1795 quicunque
1227 1739 1279 1780 de
1315 1739 1546 1794 judiciaria
1582 1745 1798 1795 potestate
1840 1740 1883 1781 in

347 1811 484 1868 ipsam
526 1817 717 1852 sanctam
758 1810 977 1851 basilicam
1021 1810 1084 1851 vel
1129 1810 1173 1850 in
1215 1815 1440 1850 manentes
1482 1809 1525 1850 in
1577 1809 1680 1865 ipsa,
1724 1810 1788 1850 vel
1840 1810 1883 1850 in

347 1880 542 1922 homines
564 1880 638 1936 qui
659 1895 757 1921 cum
789 1879 877 1921 suis
908 1879 1033 1920 terris
1058 1880 1123 1920 vel
1145 1879 1531 1935 qualibuscumque
1553 1879 1809 1921 substantiis
1829 1880 1882 1921 ad

346 1950 484 2007 ipsam
516 1950 684 1992 tradere
716 1950 783 1991 vel
814 1949 1021 1991 devovere
1053 1965 1097 1991 se
1131 1949 1356 1999 voluerint,
1388 1949 1470 1990 nisi
1502 1964 1578 2005 per
1614 1949 1881 1991 voluntatem
1905 1963 1944 1984 20

346 2019 516 2061 abbatis
567 2026 612 2061 et
662 2034 836 2060 suorum
888 2019 1205 2065 monachorum,
1257 2019 1390 2059 ullam
1443 2033 1634 2073 unquam
1693 2019 1883 2061 habeant

344 2095 632 2144 potestatem:
683 2088 772 2142 sed2
798 2088 855 2129 sit
896 2088 1000 2129 haec
1040 2094 1188 2129 sancta
1240 2095 1378 2129 mater
1428 2088 1606 2129 ecclesia
1655 2088 1883 2143 peculiaris

344 2158 514 2213 patroni
536 2157 671 2199 nostri
692 2156 855 2198 domini
877 2162 921 2198 et
944 2156 1089 2212 magni
1111 2156 1293 2212 apostoli
1316 2162 1383 2197 ter
1404 2156 1521 2197 beati
1545 2156 1661 2197 Petri
1684 2156 1817 2197 libera
1839 2163 1882 2198 et

344 2226 541 2268 absoluta
563 2227 616 2268 ab
639 2226 754 2267 omni
776 2226 997 2267 invasione
1020 2226 1086 2267 vel
1103 2225 1406 2281 inquietudine
1429 2225 1622 2266 omnium
1646 2225 1881 2275 hominum,

344 2296 652 2352 cujuscumque
685 2295 845 2337 ordinis
878 2295 943 2336 vel
975 2295 1205 2351 potestatis
1233 2310 1323 2336 esse
1356 2294 1596 2336 videantur.
1658 2300 1881 2349 praeterea
1903 2309 1940 2339 25

343 2365 461 2406 aliud
511 2365 728 2406 constituo
779 2370 909 2420 atque
961 2363 1006 2404 in
1058 2370 1267 2420 perpetuo
1318 2363 1532 2412 confirmo,
1584 2369 1634 2404 ut
1685 2362 1881 2418 quisquis

343 2434 624 2490 fugitivorum
655 2433 707 2474 de
739 2448 1008 2489 quocumque
1042 2433 1129 2473 loco
1160 2448 1236 2488 pro
1268 2447 1539 2488 quacumque
1571 2447 1709 2481 causa,
1738 2432 1878 2487 cujus-

342 2517 524 2558 cumque
554 2502 814 2543 condicionis
839 2501 907 2551 sit,
938 2502 1080 2556 ipsum
1110 2508 1308 2542 sanctum
1342 2502 1480 2542 locum
1511 2501 1577 2542 vel
1609 2501 1877 2556 procinctum

342 2572 435 2626 ejus
458 2571 626 2626 fugiens
643 2570 881 2619 intraverit,
895 2570 1100 2610 immunis
1117 2570 1173 2611 sit
1191 2570 1363 2610 omnino
1381 2585 1428 2610 ac
1443 2570 1615 2625 plenam
1631 2570 1877 2611 libertatem

343 2647 637 2696 consequatur.
699 2646 743 2681 et
765 2639 962 2695 sequitur
983 2639 1165 2680 ulterius
1184 2656 1191 2680 :
1898 2654 1938 2684 30

429 2710 477 2752 Si
518 2710 613 2765 quis
653 2716 800 2751 autem
842 2715 989 2750 contra
1030 2709 1139 2750 hanc
1172 2708 1484 2765 praeceptionis
1526 2714 1571 2749 et
1604 2708 1876 2750 auctoritatis

342 2784 510 2819 nostrae
540 2777 740 2833 paginam
773 2777 965 2826 senserit,
997 2777 1257 2832 quicumque
1289 2777 1360 2817 ille
1393 2776 1535 2825 fuerit,
1567 2776 1875 2832 cujuscumque

341 2846 525 2887 nominis
554 2853 598 2888 et
627 2847 808 2896 honoris,
839 2846 997 2888 aetatis
1023 2852 1066 2887 et
1098 2846 1340 2902 potestatis,
1361 2846 1518 2902 gradus
1548 2852 1592 2887 et
1614 2846 1798 2893 ordinis;
1830 2853 1874 2887 et

340 2930 433 2957 eam
464 2916 529 2957 vel
559 2916 603 2957 in
632 2931 788 2972 magno
811 2917 877 2958 vel
907 2917 951 2958 in
982 2917 1159 2958 minimo
1189 2917 1421 2973 infringere
1454 2916 1648 2965 voluerit,
1669 2922 1746 2957 aut
1768 2916 1872 2957 alios

338 2985 392 3026 ad
434 2986 511 3026 hoc
546 2986 810 3036 conduxerit,
849 2986 1144 3042 unusquisque
1180 3002 1255 3042 pro
1297 3002 1340 3027 se
1382 2986 1473 3042 ipso
1515 2986 1644 3027 libras
1681 2986 1871 3042 quinque
1893 3007 1930 3037 35

338 3055 533 3110 partibus
573 3056 709 3097 sancti
753 3056 868 3097 Petri
909 3057 1135 3112 persolvat.
1197 3062 1241 3097 et
1283 3057 1488 3112 quicquid
1540 3057 1694 3098 exinde
1745 3058 1871 3098 fiscus

337 3130 481 3166 noster
505 3125 559 3166 ad
587 3132 754 3181 partem
784 3132 974 3167 nostram
1003 3141 1172 3182 sperare
1202 3132 1384 3181 poterat,
1414 3126 1457 3166 in
1487 3126 1772 3167 luminaribus
1804 3126 1870 3166 vel

401 3216 419 3245 3
444 3226 503 3248 om.
525 3216 628 3255 digna
645 3216 697 3246 W.
803 3217 822 3246 5
846 3216 1019 3256 proditore
1037 3216 1090 3247 W.
1195 3220 1214 3248 9
1239 3228 1298 3248 om.
1316 3217 1419 3248 tertia
1436 3216 1489 3247 W.
1605 3218 1646 3247 23
1670 3226 1730 3247 om.
1749 3219 1800 3248 ter
1816 3216 1870 3247 W.

337 3268 377 3296 24
401 3278 462 3297 om.
481 3267 534 3298 vel
551 3267 791 3307 inquietudine
807 3268 860 3300 W.
