2385 3891
247 1919 366 1950 Simon

241 1962 434 2001 Langham,

245 2005 369 2036 elected
377 2007 418 2038 27
426 2005 508 2045 May

245 2049 366 2090 (1349).

247 2757 299 2787 Hc
317 2757 463 2787 reforms

248 2799 305 2830 the
322 2799 450 2829 Miseri-

247 2842 355 2873 corde.
406 2843 458 2874 Cf.

248 2887 386 2917 Munim.
398 2886 511 2925 9‚225.

525 454 618 498 130
824 449 1008 497 Flete's
1043 448 1268 510 History
1305 446 1371 509 of
1405 446 1756 494 Westminster

687 564 779 619 jam
812 562 1009 619 precibus
1042 562 1222 602 fratrum
1255 560 1392 601 fultus
1423 574 1519 600 cuin
1552 558 1749 614 patribus
1779 556 1903 598 almis

753 631 853 672 felix
885 630 966 672 iste
998 635 1121 686 pater
1151 629 1302 670 floreat
1333 633 1435 669 ante
1466 627 1606 669 deum.

609 716 860 759 Custodiam
882 721 1027 757 autem
1052 714 1354 770 temporalium
1376 713 1575 755 abbatiae
1596 711 1839 768 praedictae
1861 709 2059 752 dominus

522 802 594 827 rex
626 785 840 826 commisit
871 785 1000 841 priori
1033 791 1077 826 et
1108 784 1340 826 conventui
1374 781 1759 831 Westmonasterii,
1781 786 1830 822 ut
1861 785 1983 836 patet
2014 779 2059 819 in

522 853 719 910 originali
750 853 802 895 de
830 869 942 894 anno
974 853 1097 894 xxiii⁰
1125 852 1237 909 regis
1260 851 1457 893 Edwardi
1489 851 1547 893 iii.
1621 850 1680 891 sic
1709 850 1903 897 habetur,
1930 849 2059 890 titulo
2080 868 2096 897 5

524 922 842 971 Middlesexiae,
858 937 906 963 ac
922 922 1055 963 etiam
1078 922 1122 963 in
1144 921 1377 977 repertorio
1396 938 1403 962 ;
1436 919 1555 961 Prior
1576 925 1620 960 et
1642 923 1877 960 conventus
1898 917 2060 958 habent

523 992 762 1034 custodiam
789 991 982 1033 omnium
1009 990 1311 1047 temporalium
1345 989 1545 1031 abbatiae
1576 986 1950 1030 Westmonasterii
1967 986 2059 1042 jam

524 1062 714 1102 vacantis
748 1066 792 1102 et
824 1060 869 1101 in
904 1075 1032 1101 manu
1065 1060 1177 1116 regis
1209 1059 1446 1108 existentis,
1475 1073 1562 1099 una
1589 1073 1687 1099 cum
1720 1056 1919 1105 exitibus,
1951 1070 2060 1111 quae

523 1131 575 1171 ad
598 1145 742 1186 regem
760 1129 966 1171 deberent
983 1127 1302 1185 pertinere,'‘pro
1324 1134 1416 1169 toto
1434 1133 1626 1183 tempore
1644 1125 1878 1168 vacationis
1899 1125 2060 1180 absque

522 1199 664 1255 aliquo
690 1198 790 1240 inde
821 1197 1058 1239 reddendo:
1090 1203 1163 1238 xv0
1184 1197 1253 1238 die
1276 1196 1393 1245 Maii,
1414 1197 1553 1238 rotulo
1576 1195 1734 1245 xxxvi0,
1757 1194 2060 1237 Gloucestriae.
2083 1211 2121 1232 10

523 1268 637 1310 idem
666 1267 864 1309 dominus
895 1283 967 1309 rex
993 1267 1212 1323 praecepit
1241 1265 1419 1322 Symoni
1450 1266 1613 1315 Basset,
1642 1263 1877 1306 eschaetori
1908 1278 1985 1305 suo
2016 1262 2061 1304 in

523 1338 731 1379 comitatu
749 1337 1054 1386 Gloucestriae,
1066 1352 1144 1393 per
1159 1337 1287 1378 breve
1304 1335 1416 1391 regis
1433 1335 1583 1376 datum
1603 1333 1691 1374 xvi⁰
1705 1333 1774 1375 die
1793 1332 2061 1388 Septembris

525 1408 664 1449 eidem
678 1407 901 1456 directum,
918 1406 1032 1462 quod
1049 1405 1192 1447 omnia
1206 1404 1460 1461 temporalia
1473 1403 1673 1445 abbatiae
1689 1401 2062 1444 Westmonasterii

525 1476 788 1533 pertinentia
829 1475 996 1517 Simoni
1038 1474 1261 1531 Langham
1298 1489 1412 1515 nunc
1445 1473 1593 1515 abbati
1635 1472 1829 1528 ejusdem
1862 1471 2061 1512 abbatiae

526 1546 800 1587 restitueret:
831 1546 876 1586 in
904 1544 1102 1601 originali
1123 1544 1175 1585 de
1197 1559 1308 1584 anno
1335 1543 1458 1584 xxiiiO
1480 1543 1591 1599 regis
1618 1542 1816 1584 Edwardi
1841 1541 1900 1591 iii,
1922 1542 2062 1583 rotulo
2084 1561 2120 1591 15

527 1615 717 1657 xxxviii0.
779 1622 823 1656 et
844 1615 1017 1656 duravit
1045 1614 1129 1655 ista
1155 1613 1320 1654 vacatio
1349 1629 1374 1654 a
1401 1619 1474 1654 xv⁰
1503 1613 1571 1654 die
1595 1612 1699 1653 Maii
1722 1627 1856 1667 usque
1882 1611 1937 1652 ad
1963 1611 2062 1652 xvim

526 1685 640 1726 diem
668 1683 937 1740 Septembris
964 1682 1157 1739 proxime
1187 1690 1452 1738 sequentem,
1474 1681 1674 1722 videlicet
1702 1696 1778 1736 per
1810 1680 1899 1721 xvii
1931 1679 2062 1735 septi-

527 1769 674 1795 manas
696 1759 740 1795 et
762 1753 952 1809 quinque
974 1752 1075 1794 dies.
1136 1752 1246 1793 hane
1268 1751 1534 1792 vacationem
1564 1750 1762 1791 dominus
1784 1764 1857 1790 rex
1879 1749 2064 1791 contulit

526 1822 647 1864 fratri
670 1822 874 1863 Nicholas
896 1822 1164 1878 Lytlyngton
1186 1821 1391 1862 monacho
1416 1818 1798 1861 Westmonasterii.

614 1893 679 1933 De
701 1892 889 1948 Symone
911 1891 1134 1947 Langham
1156 1890 1324 1932 abbate.
2084 1912 2125 1933 20

614 1962 776 2017 Symon
805 1961 1028 2017 Langham
1057 1966 1154 2016 post
1183 1965 1365 2001 mortem
1395 1959 1596 2015 Symonis
1620 1957 1829 2014 praedicti
1852 1958 1904 1999 de
1925 1957 2064 2014 priore

531 2031 901 2073 Westmonasterii
938 2031 1099 2072 electus
1140 2036 1205 2071 est
1247 2030 1291 2070 in
1327 2029 1527 2071 abbatem
1571 2028 1764 2084 ejusdem
1805 2027 2065 2076 monasterii,

528 2100 662 2141 xxvii0
690 2101 759 2142 die
789 2100 947 2142 mensis
977 2099 1093 2150 Maii,
1110 2115 1186 2156 per
1213 2099 1324 2140 viam
1347 2097 1744 2154 compromissionis.
1805 2097 1909 2138 dum
1931 2096 2066 2152 igitur

527 2176 651 2226 pater
671 2170 752 2211 iste
776 2169 1030 2210 venerabilis
1051 2169 1334 2225 praesidebat,
1356 2174 1519 2223 quanta
1546 2167 1775 2209 dilectione
1804 2171 2064 2208 conventum

529 2237 790 2287 tractaverit,
811 2243 1023 2293 quantum
1045 2237 1099 2278 ad
1121 2252 1346 2278 commune
1369 2238 1549 2278 fratrum
1571 2236 1842 2277 commodum
1864 2240 2065 2276 strenuus
2085 2255 2124 2286 25

529 2307 806 2352 insudaverit.
837 2313 1084 2362 quantaque
1116 2305 1329 2347 industria
1360 2305 1641 2360 quorumdam
1675 2304 1936 2353 insolentias,
1961 2303 2064 2345 abu-

529 2377 679 2425 siones,
712 2376 1046 2432 singularitates,
1081 2375 1403 2431 superfluitates
1444 2381 1488 2415 et
1530 2373 1716 2415 malitias
1753 2372 2066 2429 exstirpaverit,

530 2447 700 2501 qualem
723 2445 883 2487 ordinis
904 2445 1175 2501 disciplinam
1198 2445 1290 2500 jam
1319 2459 1395 2500 per
1415 2443 1657 2499 aliquorum
1680 2442 1942 2484 voluntarios
1965 2458 2067 2484 usus

530 2515 728 2556 vitiatam
762 2514 973 2571 sagaciter
999 2513 1298 2563 introduxerit,
1320 2513 1461 2554 calens
1486 2513 1626 2553 adhuc
1659 2512 1806 2553 recolit
1842 2512 2068 2562 memoria;

531 2591 575 2626 et
596 2584 630 2625 si
652 2584 778 2625 sileat
796 2583 955 2640 lingua,
969 2584 1157 2624 clamant
1171 2598 1299 2638 opera
1313 2588 1357 2623 et
1372 2582 1464 2638 ipsa
1481 2583 1664 2638 probant
1680 2587 1776 2623 acta
1797 2582 1851 2623 ad
1868 2596 2067 2638 praesens
2088 2605 2130 2637 30

531 2652 701 2694 usitata.

618 2722 816 2778 Denique
839 2722 1013 2763 domum
1041 2721 1365 2770 misericordiae,
1387 2736 1496 2776 quae
1525 2720 1732 2776 singulari
1757 2719 2069 2775 quodammodo

531 2797 722 2846 tempore
745 2797 788 2832 et
811 2790 1093 2846 singularium
1121 2805 1196 2846 pro
1222 2790 1372 2845 majori
1400 2797 1522 2846 parte
1551 2805 1827 2845 personarum
1856 2789 2070 2831 serviebat

531 2858 789 2908 affluentiae,
811 2859 864 2899 ad
886 2873 1158 2899 communem
1180 2858 1372 2899 omnium
1391 2859 1571 2899 fratrum
1589 2857 1895 2899 recreationem
1913 2857 2069 2899 statuit

532 2934 576 2969 ct
607 2928 797 2969 decrevit
822 2943 898 2983 per
925 2934 1066 2969 totum
1096 2943 1256 2969 annum
1290 2928 1442 2969 diebus
1479 2928 1671 2969 carnium
1701 2943 1791 2969 esse
1820 2928 2069 2978 tenendum,
2089 2949 2128 2981 35

532 2996 722 3052 exceptis
744 2996 897 3037 diebus
922 2996 1134 3038 natalitiis
1163 3004 1207 3038 et
1234 2997 1492 3052 quibusdam
1515 2996 1610 3038 aliis
1631 3011 1680 3037 ac
1704 2996 1860 3052 vigiliis
1883 3003 1927 3038 et
1949 2997 2070 3038 festis

532 3066 840 3123 principalibus
862 3066 1215 3122 quibuscumque.

620 3136 739 3177 Idem
765 3142 910 3177 autem
933 3136 1189 3192 perquisivit
1211 3135 1461 3177 seriantiam
1479 3135 1679 3176 Nicholai
1701 3135 1753 3176 de
1772 3134 1996 3190 Gawgeria
2017 3135 2071 3177 de

622 3230 661 3261 19
685 3228 887 3270 Litlyngtofi
906 3228 962 3270 Sp.
1097 3229 1137 3258 21
1164 3228 1393 3268 Symon]÷de
1411 3227 1467 3266 Sp.
1604 3228 1645 3258 23
1669 3226 1907 3268 compromissi
1925 3227 1980 3268 Sp.

1127 3280 1168 3311 35
1184 3281 1271 3320 sors.
1289 3279 1482 3312 tenendam.
