2385 3891
96 1461 290 1503 Tapestries
306 1463 342 1494 in

95 1505 153 1537 the
168 1505 276 1537 choir.

96 1549 160 1591 (cr.
181 1558 213 1589 p.
230 1550 298 1591 24.)

96 1795 240 1835 Prayers
257 1794 310 1825 for

96 1837 256 1879 departed

95 1881 266 1914 brethren.

97 2993 200 3025 Feast
216 2993 253 3025 of

97 3036 222 3074 Belias,
238 3039 302 3068 etc.

899 428 1142 479 Richard
1176 427 1413 492 Berking]
1831 431 1925 477 105

381 554 584 596 solidatas
620 554 814 597 redditus
845 562 992 597 contra
1024 556 1255 597 Ricardum
1292 556 1345 597 de
1378 555 1574 611 Bynham
1608 554 1652 594 in
1685 553 1926 601 Perschore,

381 626 544 667 scilicet
576 641 710 667 unum
744 627 1008 668 fullatorium
1041 633 1084 668 et
1110 626 1194 667 (luo
1222 626 1275 667 ad
1305 625 1492 667 bladum.
1555 624 1668 665 idern
1697 622 1926 678 acquisivit

382 696 566 737 insulam
604 703 726 738 extra
758 697 846 752 Eye
881 697 933 738 de
971 696 1205 738 Laurentio
1239 696 1326 737 filio
1361 695 1566 736 Willelmi
1600 695 1638 735 lc
1677 693 1794 735 Petit
1827 708 1924 733 cum

383 765 641 814 molendino,
682 772 726 806 et
778 766 972 807 chartam
1024 766 1159 822 ipsius
1207 765 1409 814 obtinuit,
1457 765 1585 806 simul
1638 779 1735 805 cum
1777 763 1926 804 charta

384 834 588 875 Willelmi
621 833 674 875 de
712 834 902 876 Herlaue
939 835 992 876 de
1032 834 1392 883 warantizatione,
1423 834 1524 889 quia
1562 833 1702 874 insula
1739 832 1812 873 illa
1844 831 1926 873 fuit

381 904 433 946 de
457 904 577 945 feodo
599 919 675 946 suo
697 911 742 946 et
763 905 928 946 solebat
950 905 1049 946 inde
1078 904 1265 960 recipere
1294 903 1476 959 singulis
1505 902 1628 943 annis
1658 917 1729 943 sex
1755 916 1926 949 marcas,

381 973 454 1014 sed
482 972 541 1013 nil
568 972 692 1014 modo
722 972 873 1014 reddit.
935 973 1048 1014 idem
1083 971 1384 1028 augmentavit
1413 971 1629 1012 redditum
1666 969 1843 1011 manerii
1873 969 1925 1010 de

383 1041 571 1083 Pireford
588 1056 665 1097 per
680 1041 891 1097 quaedam
909 1047 1070 1082 essarta
1087 1041 1248 1082 ibidem
1266 1041 1378 1081 facta
1399 1039 1451 1081 de
1475 1040 1486 1080 l
1509 1039 1654 1080 solidis
1676 1045 1720 1080 et
1741 1038 1926 1094 amplius

384 1112 499 1153 ultra
521 1117 709 1152 veterem
734 1110 911 1151 firmam.
985 1110 1098 1151 idem
1126 1109 1327 1150 liberavit
1348 1108 1568 1150 abbatiam
1591 1124 1615 1149 a
1635 1107 1926 1164 praestatione

381 1181 527 1223 decem
561 1181 779 1230 librarum,
811 1195 916 1235 quas
950 1179 1182 1221 vicecomes
1214 1178 1414 1220 Essexiae
1446 1185 1490 1219 et
1526 1177 1730 1219 Hertford
1762 1177 1925 1217 solebat

381 1250 598 1306 percipere
620 1249 673 1290 de
695 1249 852 1290 abbate
879 1248 1064 1305 singulis
1093 1247 1217 1289 annis
1247 1262 1321 1303 pro
1351 1247 1443 1288 visu
1476 1246 1608 1287 franci
1630 1245 1762 1301 plegii
1785 1251 1829 1286 et
1851 1260 1926 1300 pro

380 1326 496 1361 secta
518 1319 740 1360 hominum
762 1333 936 1360 suorum
960 1318 1004 1358 in
1026 1316 1256 1373 praedictis
1278 1316 1579 1357 comitatibus:
1622 1315 1675 1355 de
1698 1330 1783 1370 qua
1805 1329 1925 1370 prae-

381 1389 568 1431 statione
591 1394 635 1429 et
657 1393 774 1429 secta
790 1402 938 1428 omnes
960 1387 1154 1428 homines
1176 1386 1243 1427 sui
1265 1393 1367 1427 sunt
1389 1384 1539 1441 quieti.

468 1458 587 1499 Duas
615 1457 746 1498 etiam
776 1456 961 1498 cortinas
992 1455 1081 1497 sive
1112 1454 1296 1496 dorsalia
1326 1454 1442 1495 chori
1474 1454 1526 1495 de
1558 1453 1735 1494 historia
1763 1452 1925 1494 domini

381 1525 604 1568 salvatoris
627 1531 671 1567 et
692 1525 809 1566 beati
832 1524 943 1580 regis
967 1523 1164 1565 Edwardi
1187 1522 1434 1579 sumptibus
1455 1522 1638 1579 propriis
1659 1528 1703 1562 et
1729 1521 1926 1577 expensis

381 1596 473 1638 fieri
507 1595 764 1652 procuravit,
801 1611 849 1637 ac
886 1595 1025 1636 eidem
1063 1594 1264 1636 ecclesiae
1301 1593 1422 1635 dedit
1458 1600 1502 1635 et
1543 1592 1728 1648 reliquit.
1790 1592 1928 1633 multa

381 1681 550 1722 quoque
586 1665 670 1707 alia
705 1665 817 1706 bona
851 1665 951 1706 fecit
987 1664 1206 1720 praedicto
1246 1663 1514 1712 monasterio,
1551 1677 1660 1719 quae
1703 1677 1787 1703 non
1825 1668 1927 1703 sunt

382 1735 541 1791 scripta
564 1735 607 1775 in
630 1734 739 1776 libro
761 1734 851 1783 hoc,
873 1740 916 1775 et
946 1739 1037 1775 toto
1067 1739 1259 1789 tempore
1289 1732 1403 1773 vitae
1429 1747 1531 1773 suae
1557 1731 1777 1772 ecclesiam
1807 1745 1926 1786 prae-

382 1804 541 1846 dictam
571 1804 867 1846 strenuissime
899 1803 1021 1845 rexit.
1082 1802 1310 1844 constituit
1339 1817 1508 1857 quoque
1540 1817 1651 1842 anno
1683 1808 1832 1842 octavo
1861 1800 1927 1841 sui

382 1874 604 1930 regiminis
625 1874 670 1915 in
698 1874 824 1930 pleno
846 1874 1034 1929 capitulo
1063 1889 1114 1914 ex
1144 1888 1350 1914 consensu
1378 1872 1513 1914 totius
1541 1878 1788 1919 conventus,
1814 1871 1927 1927 quod
1950 1887 1964 1907 ²

383 1944 568 1999 quilibet
614 1945 745 1986 frater
797 1943 912 1999 apud
962 1942 1396 1984 Westmonasterium
1449 1941 1647 1983 habitum
1692 1941 1928 1997 suscipiens

382 2013 688 2063 monachalem,
723 2019 767 2054 et
804 2013 847 2053 in
882 2012 1030 2054 eodem
1070 2012 1221 2053 habitu
1258 2026 1392 2067 usque
1426 2010 1478 2051 ad
1516 2010 1645 2052 finem
1684 2010 1798 2052 vitae
1833 2025 1926 2066 per-

381 2097 591 2131 severans,
608 2082 869 2138 ubicumque
887 2081 1002 2122 diem
1019 2080 1221 2122 clauserit
1239 2087 1493 2129 extremum,
1512 2080 1670 2121 habeat
1687 2080 1925 2121 corrodium

381 2167 507 2193 suum
536 2153 721 2193 annuale
751 2152 794 2193 in
824 2151 1046 2193 refectorio
1077 2151 1119 2191 in
1148 2150 1295 2191 ordine
1322 2165 1398 2191 suo
1427 2149 1480 2190 ad
1509 2150 1684 2191 stallum
1718 2165 1844 2191 suum
1882 2150 1926 2190 in

381 2221 580 2263 omnibus
601 2222 727 2277 plene
750 2221 1056 2277 recipiendum,
1078 2228 1122 2262 et
1142 2220 1197 2261 ab
1212 2219 1533 2261 eleemosinario
1550 2219 1625 2274 qui
1642 2234 1717 2275 pro
1734 2225 1926 2275 tempore
1970 2234 1986 2263 5

381 2291 512 2332 fuerit
534 2306 609 2347 pro
631 2291 760 2332 fratre
782 2291 985 2332 defuncto
1007 2290 1195 2331 fideliter
1215 2289 1520 2330 conferendum
1543 2288 1752 2330 sacerdoti
1776 2288 1927 2329 idoneo

381 2367 424 2402 et
448 2361 638 2411 honesto,
660 2361 734 2417 qui
756 2376 831 2417 pro
859 2361 988 2402 fratre
1017 2360 1220 2401 defuncto
1248 2375 1324 2416 per
1353 2365 1494 2400 totum
1521 2374 1683 2399 annum
1713 2358 1926 2400 orationes

380 2429 509 2471 faciat
554 2429 771 2486 speciales,
812 2428 959 2470 divina
1003 2444 1101 2470 cum
1144 2427 1303 2484 vigiliis
1345 2433 1389 2469 et
1430 2427 1803 2469 commendatione
1845 2428 1925 2469 sub

379 2499 585 2555 religione
607 2498 863 2540 sacramenti
885 2498 1039 2539 diebus
1061 2498 1244 2554 singulis
1267 2497 1530 2539 celebrando.
1593 2497 1770 2553 recipiet
1793 2497 1924 2538 etiam

380 2568 727 2610 eleemosinarius
749 2584 774 2609 a
795 2568 1026 2610 camerario
1052 2568 1127 2623 qui
1155 2582 1231 2623 pro
1261 2573 1452 2622 tempore
1483 2567 1614 2608 fuerit
1644 2567 1787 2608 omnia
1815 2582 1924 2622 quae

380 2639 433 2680 ad
451 2644 666 2679 vcsturam
684 2644 728 2679 et
743 2638 993 2679 calcituram
1012 2637 1154 2678 fratris
1170 2636 1361 2677 defuncti
1377 2636 1764 2691 pertinebant,sine
1781 2636 1925 2692 aliqua

380 2707 681 2756 diminucione,
703 2707 818 2748 dicto
840 2708 1059 2763 capellano
1081 2722 1156 2763 pro
1177 2706 1322 2747 anima
1348 2705 1489 2746 fratris
1518 2705 1710 2746 defuncti
1739 2705 1925 2747 fideliter

381 2776 605 2832 eroganda,
620 2782 664 2817 et
687 2777 766 2818 sub
789 2776 1140 2818 interminatione
1163 2775 1454 2817 anathematis
1477 2775 1521 2815 in
1543 2790 1645 2816 usus
1659 2775 1764 2816 alios
1787 2775 1922 2816 nulla-

382 2851 508 2886 tenus
542 2845 859 2895 transferenda;
890 2845 1004 2901 quod
1036 2845 1071 2886 si
1100 2844 1227 2885 aliter
1254 2844 1341 2893 fiat,
1371 2843 1478 2884 sciat
1505 2858 1549 2885 se
1579 2843 1749 2884 illarum
1779 2858 1921 2885 rerum

381 2914 636 2956 distributor
651 2914 1105 2956 excommunicationis
1125 2914 1292 2955 vinculo
1305 2912 1511 2954 innodari.
1560 2912 1773 2954 ordinavit
1791 2913 1921 2955 etiam

383 2991 432 3025 ut
454 2983 666 3025 festivitas
688 2984 967 3040 reliquiarum
990 2984 1120 3040 hujus
1143 2983 1343 3025 ecclesiae
1365 2997 1463 3023 cum
1482 2982 1632 3038 majori
1650 2981 1923 3023 veneratione

382 3067 510 3108 quam
528 3052 763 3102 consuevit,
777 3053 889 3094 sicut
902 3053 1110 3094 nativitas
1125 3053 1278 3094 beatae
1297 3051 1458 3093 Mariae
1476 3057 1521 3093 et
1537 3051 1646 3093 aliae
1663 3051 1923 3093 festivitates

382 3121 592 3163 secundae
614 3122 854 3178 dignitatis,
877 3122 1126 3164 solemniter
1148 3122 1189 3163 in
1213 3128 1472 3177 perpetuum
1501 3121 1750 3162 celebretur.
1813 3120 1921 3161 ordi-

449 3224 489 3255 10
513 3223 713 3256 Herefordie
731 3225 787 3264 Sp.
896 3225 936 3255 24
962 3224 997 3255 in
1023 3226 1072 3264 3⁰]
1089 3234 1167 3255 cum
1186 3226 1243 3264 Sp.
1358 3225 1398 3255 31
1422 3235 1482 3256 om.
1505 3223 1922 3264 pertinebant...defuncti

382 3275 423 3307 W
443 3276 524 3318 (per
542 3276 760 3319 homoeotel.).

1951 1194 1988 1215 10

1947 2584 1986 2614 30

1944 2930 1982 2960 35
