2385 3891
224 2280 329 2311 visits
347 2283 381 2311 to

224 2324 346 2362 Relics,

503 420 564 466 74
808 417 991 466 Flete’s
1026 416 1250 479 His-Cory
1286 415 1353 478 of
1388 414 1736 463 Westminster

501 541 868 583 confederatarum
895 540 1046 590 eidem,
1069 554 1232 581 necnon
1263 554 1345 579 xxx
1375 538 1555 579 aliarum
1593 538 1867 579 ecclesiarum
1892 538 2036 579 cathe-

500 611 697 660 dralium,
726 609 1011 666 participatio,
1073 614 1118 649 et
1146 608 1360 650 credimus
1385 622 1531 649 omnes
1559 607 1688 663 digne
1717 608 1967 649 accedentes
1993 607 2037 647 in

501 667 637 721 dictis
656 680 775 721 festis
801 679 1029 735 praecipue
1057 684 1102 720 et
1129 678 1328 719 omnibus
1353 677 1449 719 aliis
1477 677 1630 718 diebus
1655 677 1729 718 illa
1753 677 1969 733 stipendia
1994 683 2038 718 et

501 748 707 804 promissa
743 748 985 803 spiritualia
1020 747 1190 803 assequi
1227 753 1271 788 et
1307 746 1471 796 mereri,
1504 746 1578 787 ubi
1615 761 1659 788 se
1692 746 1890 802 promisit
1924 746 2037 787 idem

501 819 654 859 beatus
677 819 830 859 Petrus
851 817 897 858 in
918 818 996 858 hoc
1017 818 1106 859 loco
1131 817 1330 873 precibus
1360 816 1554 872 votisque
1580 816 1774 857 fidelium
1799 816 2037 858 affuturum
2061 834 2076 862 5

502 894 546 929 et
568 903 619 928 ex
642 887 776 928 officio
804 902 829 927 a
854 886 1026 928 domino
1054 886 1136 928 sibi
1162 886 1358 941 injuncto
1387 885 1543 941 ligatos
1571 885 1801 934 absolvere,
1821 885 2039 926 absolutos

502 957 725 1012 suscipere,
743 956 1082 1012 justificatisque
1112 972 1137 998 a
1161 956 1331 997 delictis
1357 956 1493 997 caelos
1518 955 1682 1011 aperire
1711 961 1801 1005 etc„
1830 961 1879 996 ut
1911 970 2040 1010 supra

502 1028 553 1068 (10
602 1026 958 1076 benefactoribus,
994 1026 1105 1067 infra
1153 1032 1323 1067 octavas
1368 1025 1581 1066 dictorum
1628 1025 1833 1065 festorum
1881 1024 2039 1065 cotidie

502 1096 544 1137 iv
565 1095 666 1136 anni
689 1110 757 1136 ccc
778 1095 869 1136 dies
891 1101 936 1136 et
958 1095 1112 1137 tertiae
1134 1095 1269 1151 partis
1292 1095 1504 1135 minorum
1527 1100 1798 1150 peccatorum
1816 1095 2038 1136 absolutio.

502 1165 547 1205 in
578 1164 686 1205 festo
717 1163 997 1219 depositionis
1029 1164 1165 1205 sancti
1198 1163 1395 1205 Edwardi
1426 1163 1541 1219 regis
1570 1170 1613 1204 et
1642 1163 1890 1205 confessoris
1917 1163 2041 1205 nonis

502 1233 699 1276 Januarii
730 1233 801 1274 xix
827 1233 929 1274 anni
958 1249 1037 1275 xcv
1062 1234 1181 1284 dies3
1212 1233 1325 1275 unde
1354 1249 1379 1274 a
1404 1233 1577 1274 domino
1602 1248 1714 1289 papa
1742 1233 1785 1274 N
1789 1233 1953 1275 icholao
1982 1233 2042 1274 ivo

503 1318 615 1345 unus
646 1318 784 1344 annus
816 1303 857 1343 xl
889 1303 992 1352 dies,
1014 1318 1039 1344 a
1069 1303 1241 1344 domino
1267 1318 1379 1359 papa
1407 1301 1632 1344 Clemente
1658 1303 1719 1344 iv0
1750 1302 1780 1344 ii
1809 1303 1910 1344 anni
1942 1303 2042 1344 lxxx

504 1373 606 1423 dies,
628 1388 725 1414 cum
751 1372 1082 1428 participatione
1111 1372 1416 1414 beneficiorum
1443 1371 1733 1428 spiritualium
1763 1388 1811 1414 ac
1832 1372 2041 1429 septimae

504 1442 639 1498 partis
675 1442 963 1484 criminalium
994 1441 1255 1491 remissione,
1288 1447 1338 1483 ut
1372 1456 1500 1497 supra
1532 1441 1576 1482 in
1613 1442 1720 1483 festo
1752 1443 2041 1497 apostolorum

507 1511 624 1552 Petri
656 1517 700 1552 et
733 1510 866 1552 Pauli.
939 1511 984 1551 in
1016 1511 1296 1552 translatione
1328 1510 1465 1552 sancti
1498 1510 1696 1551 Edwardi
1726 1510 1839 1565 regis
1870 1517 1914 1552 et
1945 1526 2041 1552 con-

506 1580 671 1622 fessoris
694 1580 764 1620 xix
791 1580 892 1620 anni
918 1580 988 1621 ciii
1010 1580 1112 1630 dies,
1135 1586 1225 1630 etc„
1248 1585 1298 1622 ut
1320 1594 1448 1635 supra
1469 1579 1514 1620 in
1536 1579 1803 1635 depositione
1825 1580 2043 1636 ejusdem3

504 1666 528 1691 a
559 1649 731 1691 domino
762 1665 873 1705 papa
905 1649 1115 1691 Nicholao
1145 1650 1206 1690 iv⁰
1236 1665 1348 1691 unus
1374 1665 1512 1691 annus
1543 1656 1587 1690 et
1616 1650 1658 1690 xl
1687 1650 1788 1700 dies,
1815 1666 1840 1691 a
1869 1650 2042 1691 domino

504 1719 729 1761 Clemente
755 1734 867 1775 papa
892 1719 951 1760 iv⁰
978 1719 1077 1760 lxxx
1103 1718 1206 1768 dies,
1228 1734 1254 1760 a
1277 1718 1450 1760 domino
1479 1734 1592 1774 papa
1617 1719 1872 1760 Innocentio
1894 1719 1955 1760 iv⁰
1975 1734 2043 1760 ccc

503 1788 604 1830 dies.
666 1788 775 1829 infra
797 1794 967 1829 octavas
989 1794 1033 1829 et
1054 1803 1130 1844 per
1151 1788 1413 1844 quindenam
1436 1788 1660 1844 utriusque
1679 1789 1776 1830 festi
1792 1789 2001 1845 praedicti
2019 1804 2044 1829 v

505 1858 607 1899 anni
629 1864 674 1899 et
690 1873 711 1899 0
733 1857 834 1899 dies.
896 1857 939 1898 10
970 1857 1152 1913 singulis
1180 1857 1333 1899 diebus
1359 1857 1584 1899 dominicis
1611 1873 1688 1914 per
1712 1858 1814 1899 anni
1836 1858 2042 1900 circulum
2066 1874 2081 1895 2

506 1927 548 1968 iv
584 1927 686 1969 anni
723 1927 827 1968 xxiii
864 1927 966 1969 dies.
1028 1927 1073 1968 in
1106 1927 1305 1969 omnibus
1336 1927 1489 1968 diebus
1521 1927 1700 1969 Veneris
1734 1929 1800 1969 vel
1834 1928 1967 1969 sextis
1998 1927 2045 1969 iii

507 1997 608 2038 anni
630 1998 699 2038 lxv
722 1997 813 2039 dies
835 2003 879 2038 et
900 1997 1175 2053 participatio
1203 1997 1396 2039 omnium
1426 1997 1730 2038 beneficiorum
1753 1997 2045 2053 spiritualium

506 2067 551 2108 in
581 2067 771 2123 quinque
803 2067 1121 2123 episcopatibus
1152 2073 1242 2108 tam
1274 2067 1319 2108 in.
1352 2067 1442 2108 vita
1472 2082 1602 2123 quam
1633 2067 1677 2108 in
1709 2074 1846 2109 morte
1878 2067 1923 2108 in
1952 2083 2046 2124 per-

505 2143 698 2193 petuum.
751 2137 856 2179 item
874 2137 1074 2178 omnibus
1091 2143 1135 2178 et
1152 2137 1334 2193 singulis
1350 2137 1503 2178 diebus
1520 2152 1596 2192 per
1612 2152 1773 2178 annum
1795 2137 1825 2178 ii
1848 2138 1949 2178 anni
1971 2153 2046 2179 cxc

507 2207 608 2249 dies.

595 2276 803 2331 Sequitur
823 2275 875 2316 de
897 2275 1181 2331 indulgentiis
1202 2276 1255 2317 ad
1281 2275 1493 2331 reliquias.
1555 2275 1609 2316 ad
1631 2275 1822 2332 singulas
1843 2276 2045 2332 reliquias

509 2346 638 2401 hujus
660 2344 909 2386 monasterii
938 2360 992 2385 xv
1017 2345 1119 2386 anni
1142 2345 1324 2386 lxxxviii
1346 2345 1437 2387 dies
1459 2345 1643 2386 concessi
1673 2351 1785 2395 sunt,
1807 2351 1852 2387 et
1872 2346 2044 2402 partici-

508 2415 626 2471 patio
655 2414 847 2455 omnium
875 2414 1084 2455 bonorum
1113 2414 1405 2470 spiritualium
1440 2429 1549 2470 quae
1577 2414 1683 2456 fient
1712 2414 1757 2455 in
1786 2415 1863 2456 hoc
1895 2415 2043 2456 eodem

509 2483 766 2525 monasterio
787 2489 831 2524 et
853 2483 1052 2524 omnibus
1074 2483 1261 2525 ecclesiis
1282 2484 1564 2525 confederatis
1582 2483 1721 2525 eidem
1739 2490 1783 2526 et
1800 2484 1844 2525 in
1861 2484 1933 2525 xix
1950 2485 2045 2526 aliis

2066 1178 2102 1199 10

509 2554 609 2595 locis
635 2552 963 2595 cathedralibus.
1023 2553 1078 2594 ad
1106 2568 1274 2594 crucem
1300 2553 1558 2594 dominicam
1583 2568 1660 2609 per
1684 2553 1828 2594 omnia
1852 2554 1963 2596 sicut
1991 2554 2044 2596 ad
2066 2570 2106 2600 30

507 2622 720 2679 reliquias,
762 2637 859 2663 cum
901 2622 1150 2663 remissione
1196 2622 1405 2678 septimae
1453 2622 1589 2678 partis
1633 2622 1931 2665 criminalium.
1992 2624 2045 2665 ad

507 2691 761 2748 sanguinem
790 2691 843 2732 de
876 2691 1008 2732 latere
1041 2690 1205 2733 Christi
1237 2691 1308 2732 xix
1340 2691 1442 2732 anni
1473 2706 1547 2732 cxc
1575 2691 1666 2732 dies
1698 2697 1742 2732 et
1772 2692 2047 2748 participatio

507 2762 730 2810 bonorum,
751 2766 801 2802 ut
832 2775 961 2816 supra
991 2760 1045 2802 ad
1077 2776 1256 2803 crucem.
1317 2761 1371 2802 ad
1402 2761 1569 2802 clavum
1597 2760 1813 2816 quondam
1841 2761 1976 2803 fixum
2001 2761 2047 2803 in

509 2846 631 2872 cruce
659 2830 821 2872 domini
848 2829 919 2870 xiv
944 2830 1045 2871 anni
1075 2831 1175 2871 lxxx
1204 2830 1295 2871 dies
1324 2836 1414 2880 etc„
1436 2836 1486 2872 ut
1514 2845 1642 2886 supra
1670 2831 1724 2871 ad
1752 2846 1931 2873 crucem.
1992 2832 2046 2873 ad

509 2906 676 2956 petram
698 2913 827 2955 super
847 2914 976 2954 quam
998 2899 1123 2940 stetit
1146 2898 1346 2941 Christus
1368 2899 1413 2939 in
1434 2899 1678 2940 ascensione
1700 2914 1778 2940 sua
1794 2899 1853 2940 xii
1875 2900 1976 2941 anni
1998 2900 2045 2942 iii

509 2969 600 3010 dies
622 2974 713 3017 etc„
735 2974 785 3009 ut
807 2982 936 3022 supra
956 2967 1009 3008 ad
1032 2982 1211 3009 crucem.
1272 2967 1326 3008 ad
1348 2982 1496 3008 zonam
1513 2967 1666 3008 beatae
1688 2968 1849 3009 Mariae
1868 2968 2046 3025 virginis

511 3038 553 3079 xi
589 3037 690 3078 anni
727 3043 817 3085 etc„
846 3042 896 3078 ut
932 3051 1062 3092 supra
1093 3037 1147 3078 ad
1183 3051 1350 3078 crucem
1387 3036 1560 3078 domini.
1621 3037 1674 3078 ad
1708 3052 1876 3079 crucem
1909 3039 2047 3080 sancti

512 3107 628 3149 Petri
660 3106 839 3163 apostoli
874 3106 903 3147 ii
935 3107 1035 3147 anni
1070 3106 1117 3147 iii
1148 3107 1250 3149 dies.
1311 3107 1364 3148 ad
1396 3107 1573 3148 anulum
1606 3107 1743 3149 sancti
1776 3107 1974 3149 Edwardi
2006 3108 2047 3149 vi

511 3177 611 3219 anni
634 3176 747 3217 cccxl
769 3175 871 3218 dies.
931 3176 985 3216 ad
1007 3175 1182 3231 capillos
1203 3177 1355 3218 beatae
1383 3175 1561 3232 virginis
1584 3176 1744 3218 Mariae
1767 3176 1797 3217 ii
1818 3177 1921 3218 anni
1943 3177 2048 3219 xxiii

1011 3267 1029 3298 7
1052 3265 1325 3305 justificatosque
1342 3266 1384 3297 W
1403 3265 1461 3306 Sp.

2067 2917 2105 2947 35
