<?xml version="1.0" encoding="UTF-8"?>
<!DOCTYPE html PUBLIC "-//W3C//DTD XHTML 1.0 Transitional//EN"
    "http://www.w3.org/TR/xhtml1/DTD/xhtml1-transitional.dtd">
<html xmlns="http://www.w3.org/1999/xhtml" xml:lang="en" lang="en">
 <head>
  <title>
</title>
<meta http-equiv="Content-Type" content="text/html;charset=utf-8" />
  <meta name='ocr-system' content='tesseract 3.04.00' />
  <meta name='ocr-capabilities' content='ocr_page ocr_carea ocr_par ocr_line ocrx_word'/>
</head>
<body>
  <div class='ocr_page' id='page_1' title='image "./historyofwestmin00flet_0092.png"; bbox 0 0 2385 3891; ppageno 0'>
   <div class='ocr_carea' id='block_1_1' title="bbox 230 816 406 899">
    <p class='ocr_par' dir='ltr' id='par_1_1' title="bbox 230 816 406 899">
     <span class='ocr_line' id='line_1_1' title="bbox 230 816 369 852; baseline 0.007 -6"><span class='ocrx_word' id='word_1_1' title='bbox 230 816 275 852; x_wconf 80' lang='lat'>†8</span> <span class='ocrx_word' id='word_1_2' title='bbox 291 816 369 847; x_wconf 80' lang='lat' dir='ltr'>Jan.</span> 
     </span>
     <span class='ocr_line' id='line_1_2' title="bbox 230 860 406 899; baseline 0 -9"><span class='ocrx_word' id='word_1_3' title='bbox 230 860 328 898; x_wconf 89' lang='lat'>(1005</span> <span class='ocrx_word' id='word_1_4' title='bbox 339 861 406 899; x_wconf 69' lang='lat' dir='ltr'><em>[ze]).</em></span> 
     </span>
    </p>
   </div>
   <div class='ocr_carea' id='block_1_2' title="bbox 228 1708 453 1966">
    <p class='ocr_par' dir='ltr' id='par_1_2' title="bbox 228 1708 453 1966">
     <span class='ocr_line' id='line_1_3' title="bbox 229 1708 426 1741; baseline -0.005 -2"><span class='ocrx_word' id='word_1_5' title='bbox 229 1708 278 1741; x_wconf 83' lang='lat' dir='ltr'>Cf.</span> <span class='ocrx_word' id='word_1_6' title='bbox 299 1708 374 1739; x_wconf 87' lang='lat' dir='ltr'>Life</span> <span class='ocrx_word' id='word_1_7' title='bbox 390 1708 426 1738; x_wconf 80' lang='lat' dir='ltr'>of</span> 
     </span>
     <span class='ocr_line' id='line_1_4' title="bbox 230 1750 431 1790; baseline -0.01 -7"><span class='ocrx_word' id='word_1_8' title='bbox 230 1752 269 1783; x_wconf 77' lang='lat' dir='ltr'>St</span> <span class='ocrx_word' id='word_1_9' title='bbox 285 1750 431 1790; x_wconf 88' lang='lat' dir='ltr'>Wulsin‚</span> 
     </span>
     <span class='ocr_line' id='line_1_5' title="bbox 228 1794 419 1834; baseline -0.005 -8"><span class='ocrx_word' id='word_1_10' title='bbox 228 1795 317 1826; x_wconf 80' lang='lat' dir='ltr'>from</span> <span class='ocrx_word' id='word_1_11' title='bbox 335 1794 419 1834; x_wconf 82' lang='lat' dir='ltr'>Cap-</span> 
     </span>
     <span class='ocr_line' id='line_1_6' title="bbox 228 1838 453 1877; baseline 0.004 -8"><span class='ocrx_word' id='word_1_12' title='bbox 228 1848 342 1877; x_wconf 76' lang='lat' dir='ltr'>grave:</span> <span class='ocrx_word' id='word_1_13' title='bbox 369 1838 453 1870; x_wconf 81' lang='lat' dir='ltr'>Aeta</span> 
     </span>
     <span class='ocr_line' id='line_1_7' title="bbox 229 1881 421 1914; baseline -0.01 0"><span class='ocrx_word' id='word_1_14' title='bbox 229 1881 290 1914; x_wconf 85' lang='lat' dir='ltr'>SS.</span> <span class='ocrx_word' id='word_1_15' title='bbox 308 1883 327 1912; x_wconf 87' lang='grc'>8</span> <span class='ocrx_word' id='word_1_16' title='bbox 344 1882 421 1913; x_wconf 85' lang='lat' dir='ltr'>Jan.</span> 
     </span>
     <span class='ocr_line' id='line_1_8' title="bbox 229 1926 355 1966; baseline 0 -8"><span class='ocrx_word' id='word_1_17' title='bbox 229 1935 262 1966; x_wconf 90' lang='lat' dir='ltr'>p.</span> <span class='ocrx_word' id='word_1_18' title='bbox 282 1926 355 1958; x_wconf 87' lang='lat'>547.</span> 
     </span>
    </p>
   </div>
   <div class='ocr_carea' id='block_1_3' title="bbox 231 2057 477 2139">
    <p class='ocr_par' dir='ltr' id='par_1_3' title="bbox 231 2057 477 2139">
     <span class='ocr_line' id='line_1_9' title="bbox 231 2057 477 2089; baseline -0.004 0"><span class='ocrx_word' id='word_1_19' title='bbox 231 2058 297 2089; x_wconf 85' lang='lat' dir='ltr'>His</span> <span class='ocrx_word' id='word_1_20' title='bbox 314 2057 425 2089; x_wconf 87' lang='lat' dir='ltr'>burial</span> <span class='ocrx_word' id='word_1_21' title='bbox 441 2059 477 2089; x_wconf 85' lang='lat' dir='ltr'>at</span> 
     </span>
     <span class='ocr_line' id='line_1_10' title="bbox 232 2101 438 2139; baseline -0.01 -5"><span class='ocrx_word' id='word_1_22' title='bbox 232 2101 438 2139; x_wconf 86' lang='lat' dir='ltr'>Sherborne,</span> 
     </span>
    </p>
   </div>
   <div class='ocr_carea' id='block_1_4' title="bbox 232 2327 427 2402">
    <p class='ocr_par' dir='ltr' id='par_1_4' title="bbox 232 2327 427 2402">
     <span class='ocr_line' id='line_1_11' title="bbox 232 2327 427 2358; baseline 0.005 -1"><span class='ocrx_word' id='word_1_23' title='bbox 232 2327 299 2358; x_wconf 84' lang='lat' dir='ltr'>and</span> <span class='ocrx_word' id='word_1_24' title='bbox 316 2329 427 2358; x_wconf 78' lang='lat' dir='ltr'>trans-</span> 
     </span>
     <span class='ocr_line' id='line_1_12' title="bbox 232 2370 349 2402; baseline 0 -1"><span class='ocrx_word' id='word_1_25' title='bbox 232 2370 349 2402; x_wconf 86' lang='lat' dir='ltr'>lation.</span> 
     </span>
    </p>
   </div>
   <div class='ocr_carea' id='block_1_5' title="bbox 233 2839 497 2880">
    <p class='ocr_par' dir='ltr' id='par_1_5' title="bbox 233 2839 497 2880">
     <span class='ocr_line' id='line_1_13' title="bbox 233 2839 497 2880; baseline -0.004 -9"><span class='ocrx_word' id='word_1_26' title='bbox 233 2840 362 2871; x_wconf 86' lang='lat' dir='ltr'><strong>XVIII.</strong></span> <span class='ocrx_word' id='word_1_27' title='bbox 377 2839 497 2880; x_wconf 85' lang='lat' dir='ltr'>Alfwy.</span> 
     </span>
    </p>
   </div>
   <div class='ocr_carea' id='block_1_6' title="bbox 515 401 1745 465">
    <p class='ocr_par' dir='ltr' id='par_1_6' title="bbox 515 401 1745 465">
     <span class='ocr_line' id='line_1_14' title="bbox 515 401 1745 465; baseline -0.002 -13"><span class='ocrx_word' id='word_1_28' title='bbox 515 407 578 452; x_wconf 80' lang='lat'>80</span> <span class='ocrx_word' id='word_1_29' title='bbox 817 403 998 452; x_wconf 70' lang='lat' dir='ltr'>Flete&#39;s</span> <span class='ocrx_word' id='word_1_30' title='bbox 1034 402 1258 464; x_wconf 66' lang='lat' dir='ltr'>He’storjs</span> <span class='ocrx_word' id='word_1_31' title='bbox 1295 402 1360 465; x_wconf 65' lang='lat' dir='ltr'>os</span> <span class='ocrx_word' id='word_1_32' title='bbox 1399 401 1745 450; x_wconf 67' lang='lat' dir='ltr'>Westminscer</span> 
     </span>
    </p>
   </div>
   <div class='ocr_carea' id='block_1_7' title="bbox 506 524 2057 2176">
    <p class='ocr_par' dir='ltr' id='par_1_7' title="bbox 513 524 2052 793">
     <span class='ocr_line' id='line_1_15' title="bbox 513 524 2049 585; baseline -0.003 -14"><span class='ocrx_word' id='word_1_33' title='bbox 513 529 752 585; x_wconf 78' lang='lat' dir='ltr'>praesulem</span> <span class='ocrx_word' id='word_1_34' title='bbox 775 528 861 569; x_wconf 88' lang='lat' dir='ltr'>illic</span> <span class='ocrx_word' id='word_1_35' title='bbox 882 528 1093 569; x_wconf 86' lang='lat' dir='ltr'>referebat</span> <span class='ocrx_word' id='word_1_36' title='bbox 1122 526 1335 567; x_wconf 87' lang='lat' dir='ltr'>abbatem.</span> <span class='ocrx_word' id='word_1_37' title='bbox 1398 525 1460 567; x_wconf 85' lang='lat' dir='ltr'>ita</span> <span class='ocrx_word' id='word_1_38' title='bbox 1486 525 1586 567; x_wconf 89' lang='lat' dir='ltr'>locis</span> <span class='ocrx_word' id='word_1_39' title='bbox 1612 525 1820 567; x_wconf 89' lang='lat' dir='ltr'>distantia</span> <span class='ocrx_word' id='word_1_40' title='bbox 1841 524 2049 581; x_wconf 88' lang='lat' dir='ltr'>astringe-</span> 
     </span>
     <span class='ocr_line' id='line_1_16' title="bbox 514 595 2051 652; baseline -0.003 -12"><span class='ocrx_word' id='word_1_41' title='bbox 514 600 588 640; x_wconf 91' lang='lat' dir='ltr'>bat</span> <span class='ocrx_word' id='word_1_42' title='bbox 628 598 706 639; x_wconf 90' lang='lat' dir='ltr'>alis</span> <span class='ocrx_word' id='word_1_43' title='bbox 747 596 987 638; x_wconf 68' lang='lat' dir='ltr'>dilectionis</span> <span class='ocrx_word' id='word_1_44' title='bbox 1028 601 1244 652; x_wconf 86' lang='lat' dir='ltr'>paternae,</span> <span class='ocrx_word' id='word_1_45' title='bbox 1281 601 1331 636; x_wconf 91' lang='lat' dir='ltr'>ut</span> <span class='ocrx_word' id='word_1_46' title='bbox 1373 601 1605 650; x_wconf 87' lang='lat' dir='ltr'>utrumque</span> <span class='ocrx_word' id='word_1_47' title='bbox 1646 595 1898 636; x_wconf 89' lang='lat' dir='ltr'>coenobium</span> <span class='ocrx_word' id='word_1_48' title='bbox 1940 600 2051 636; x_wconf 87' lang='lat' dir='ltr'>esset</span> 
     </span>
     <span class='ocr_line' id='line_1_17' title="bbox 514 663 2052 721; baseline -0.003 -12"><span class='ocrx_word' id='word_1_49' title='bbox 514 684 649 710; x_wconf 90' lang='lat' dir='ltr'>unum</span> <span class='ocrx_word' id='word_1_50' title='bbox 691 667 799 708; x_wconf 88' lang='lat' dir='ltr'>ovile</span> <span class='ocrx_word' id='word_1_51' title='bbox 841 666 921 707; x_wconf 89' lang='lat' dir='ltr'>sub</span> <span class='ocrx_word' id='word_1_52' title='bbox 962 681 1047 706; x_wconf 91' lang='lat' dir='ltr'>uno</span> <span class='ocrx_word' id='word_1_53' title='bbox 1088 670 1269 721; x_wconf 78' lang='lat' dir='ltr'>pastore.</span> <span class='ocrx_word' id='word_1_54' title='bbox 1332 665 1435 705; x_wconf 85' lang='lat' dir='ltr'>haec</span> <span class='ocrx_word' id='word_1_55' title='bbox 1476 680 1527 705; x_wconf 83' lang='lat' dir='ltr'>ex</span> <span class='ocrx_word' id='word_1_56' title='bbox 1570 664 1659 705; x_wconf 86' lang='lat' dir='ltr'>vita</span> <span class='ocrx_word' id='word_1_57' title='bbox 1692 663 1829 705; x_wconf 86' lang='lat' dir='ltr'>sancti</span> <span class='ocrx_word' id='word_1_58' title='bbox 1867 663 2052 705; x_wconf 90' lang='lat' dir='ltr'>Wulsini</span> 
     </span>
     <span class='ocr_line' id='line_1_18' title="bbox 513 736 803 793; baseline -0.003 -15"><span class='ocrx_word' id='word_1_59' title='bbox 513 737 701 793; x_wconf 90' lang='lat' dir='ltr'>capitulo</span> <span class='ocrx_word' id='word_1_60' title='bbox 733 736 803 777; x_wconf 76' lang='lat' dir='ltr'>iv0.</span> 
     </span>
    </p>

    <p class='ocr_par' dir='ltr' id='par_1_8' title="bbox 506 801 2057 2176">
     <span class='ocr_line' id='line_1_19' title="bbox 601 801 2051 860; baseline -0.003 -13"><span class='ocrx_word' id='word_1_61' title='bbox 601 805 722 847; x_wconf 91' lang='lat' dir='ltr'>Obiit</span> <span class='ocrx_word' id='word_1_62' title='bbox 756 810 902 846; x_wconf 88' lang='lat' dir='ltr'>autem</span> <span class='ocrx_word' id='word_1_63' title='bbox 934 811 1058 860; x_wconf 87' lang='lat' dir='ltr'>pater</span> <span class='ocrx_word' id='word_1_64' title='bbox 1089 804 1170 845; x_wconf 90' lang='lat' dir='ltr'>iste</span> <span class='ocrx_word' id='word_1_65' title='bbox 1203 803 1262 844; x_wconf 81' lang='lat' dir='ltr'>vi0</span> <span class='ocrx_word' id='word_1_66' title='bbox 1292 803 1389 844; x_wconf 89' lang='lat' dir='ltr'>idus</span> <span class='ocrx_word' id='word_1_67' title='bbox 1419 802 1629 851; x_wconf 79' lang='lat' dir='ltr'>Ja11ua1·ii,</span> <span class='ocrx_word' id='word_1_68' title='bbox 1663 802 1792 844; x_wconf 89' lang='lat' dir='ltr'>tertio</span> <span class='ocrx_word' id='word_1_69' title='bbox 1822 808 1918 858; x_wconf 90' lang='lat' dir='ltr'>post</span> <span class='ocrx_word' id='word_1_70' title='bbox 1951 801 2051 857; x_wconf 91' lang='lat' dir='ltr'>Epi-</span> 
     </span>
     <span class='ocr_line' id='line_1_20' title="bbox 512 870 2051 930; baseline -0.003 -15"><span class='ocrx_word' id='word_1_71' title='bbox 512 873 714 930; x_wconf 90' lang='lat' dir='ltr'>phaniam</span> <span class='ocrx_word' id='word_1_72' title='bbox 758 873 839 923; x_wconf 87' lang='lat' dir='ltr'>die,</span> <span class='ocrx_word' id='word_1_73' title='bbox 882 872 1104 914; x_wconf 88' lang='lat' dir='ltr'>Ethelredi</span> <span class='ocrx_word' id='word_1_74' title='bbox 1146 871 1259 927; x_wconf 85' lang='lat' dir='ltr'>regis</span> <span class='ocrx_word' id='word_1_75' title='bbox 1311 877 1526 927; x_wconf 90' lang='lat' dir='ltr'>tempore:</span> <span class='ocrx_word' id='word_1_76' title='bbox 1577 871 1631 912; x_wconf 86' lang='lat' dir='ltr'>ad</span> <span class='ocrx_word' id='word_1_77' title='bbox 1681 871 1804 926; x_wconf 87' lang='lat' dir='ltr'>cujus</span> <span class='ocrx_word' id='word_1_78' title='bbox 1855 870 2051 912; x_wconf 89' lang='lat' dir='ltr'>tumbam</span> 
     </span>
     <span class='ocr_line' id='line_1_21' title="bbox 512 940 2053 998; baseline -0.002 -14"><span class='ocrx_word' id='word_1_79' title='bbox 512 943 679 985; x_wconf 86' lang='lat' dir='ltr'>diversa</span> <span class='ocrx_word' id='word_1_80' title='bbox 709 944 820 984; x_wconf 88' lang='lat' dir='ltr'>fiunt</span> <span class='ocrx_word' id='word_1_81' title='bbox 853 942 1069 991; x_wconf 85' lang='lat' dir='ltr'>miracula,</span> <span class='ocrx_word' id='word_1_82' title='bbox 1091 942 1184 998; x_wconf 93' lang='lat' dir='ltr'>ipso</span> <span class='ocrx_word' id='word_1_83' title='bbox 1216 947 1464 997; x_wconf 79' lang='lat' dir='ltr'>praestante</span> <span class='ocrx_word' id='word_1_84' title='bbox 1496 941 1571 997; x_wconf 88' lang='lat' dir='ltr'>qui</span> <span class='ocrx_word' id='word_1_85' title='bbox 1602 940 1763 982; x_wconf 89' lang='lat' dir='ltr'>creavit</span> <span class='ocrx_word' id='word_1_86' title='bbox 1794 940 1946 982; x_wconf 88' lang='lat' dir='ltr'>omnia.</span> <span class='ocrx_word' id='word_1_87' title='bbox 2008 946 2053 982; x_wconf 92' lang='lat' dir='ltr'>et</span> 
     </span>
     <span class='ocr_line' id='line_1_22' title="bbox 512 1011 2052 1068; baseline -0.002 -14"><span class='ocrx_word' id='word_1_88' title='bbox 512 1013 571 1054; x_wconf 90' lang='lat' dir='ltr'>sic</span> <span class='ocrx_word' id='word_1_89' title='bbox 592 1028 617 1053; x_wconf 91' lang='lat' dir='ltr'>a</span> <span class='ocrx_word' id='word_1_90' title='bbox 639 1019 830 1068; x_wconf 89' lang='lat' dir='ltr'>tempore</span> <span class='ocrx_word' id='word_1_91' title='bbox 847 1027 931 1067; x_wconf 89' lang='lat' dir='ltr'>quo</span> <span class='ocrx_word' id='word_1_92' title='bbox 952 1011 1090 1068; x_wconf 89' lang='lat' dir='ltr'>primo</span> <span class='ocrx_word' id='word_1_93' title='bbox 1108 1011 1226 1053; x_wconf 89' lang='lat' dir='ltr'>istud</span> <span class='ocrx_word' id='word_1_94' title='bbox 1249 1011 1554 1053; x_wconf 87' lang='lat' dir='ltr'>monasterium</span> <span class='ocrx_word' id='word_1_95' title='bbox 1574 1011 1654 1052; x_wconf 92' lang='lat' dir='ltr'>sub</span> <span class='ocrx_word' id='word_1_96' title='bbox 1675 1011 1802 1052; x_wconf 90' lang='lat' dir='ltr'>beato</span> <span class='ocrx_word' id='word_1_97' title='bbox 1824 1011 2052 1052; x_wconf 91' lang='lat' dir='ltr'>Dunstano</span> 
     </span>
     <span class='ocr_line' id='line_1_23' title="bbox 513 1080 2053 1138; baseline -0.001 -15"><span class='ocrx_word' id='word_1_98' title='bbox 513 1088 757 1138; x_wconf 83' lang='lat' dir='ltr'>susceperat</span> <span class='ocrx_word' id='word_1_99' title='bbox 785 1082 1022 1138; x_wconf 88' lang='lat' dir='ltr'>regendum</span> <span class='ocrx_word' id='word_1_100' title='bbox 1052 1097 1185 1137; x_wconf 88' lang='lat' dir='ltr'>usque</span> <span class='ocrx_word' id='word_1_101' title='bbox 1208 1082 1261 1122; x_wconf 91' lang='lat' dir='ltr'>ad</span> <span class='ocrx_word' id='word_1_102' title='bbox 1287 1081 1455 1123; x_wconf 90' lang='lat' dir='ltr'>obitum</span> <span class='ocrx_word' id='word_1_103' title='bbox 1487 1081 1602 1123; x_wconf 91' lang='lat' dir='ltr'>illius</span> <span class='ocrx_word' id='word_1_104' title='bbox 1631 1081 1850 1122; x_wconf 85' lang='lat' dir='ltr'>fluxerunt</span> <span class='ocrx_word' id='word_1_105' title='bbox 1878 1081 1963 1121; x_wconf 87' lang='lat' dir='ltr'>fere</span> <span class='ocrx_word' id='word_1_106' title='bbox 1992 1080 2053 1121; x_wconf 74' lang='lat' dir='ltr'>xla</span> 
     </span>
     <span class='ocr_line' id='line_1_24' title="bbox 513 1150 2053 1208; baseline -0.002 -15"><span class='ocrx_word' id='word_1_107' title='bbox 513 1158 679 1208; x_wconf 87' lang='lat' dir='ltr'>septem</span> <span class='ocrx_word' id='word_1_108' title='bbox 720 1151 833 1193; x_wconf 87' lang='lat' dir='ltr'>anni.</span> <span class='ocrx_word' id='word_1_109' title='bbox 909 1151 1062 1207; x_wconf 86' lang='lat' dir='ltr'>quanti</span> <span class='ocrx_word' id='word_1_110' title='bbox 1106 1166 1202 1192; x_wconf 91' lang='lat' dir='ltr'>vero</span> <span class='ocrx_word' id='word_1_111' title='bbox 1244 1151 1389 1193; x_wconf 90' lang='lat' dir='ltr'>meriti</span> <span class='ocrx_word' id='word_1_112' title='bbox 1429 1151 1544 1207; x_wconf 88' lang='lat' dir='ltr'>apud</span> <span class='ocrx_word' id='word_1_113' title='bbox 1585 1150 1714 1192; x_wconf 90' lang='lat' dir='ltr'>deum</span> <span class='ocrx_word' id='word_1_114' title='bbox 1756 1150 1838 1191; x_wconf 90' lang='lat' dir='ltr'>iste</span> <span class='ocrx_word' id='word_1_115' title='bbox 1880 1155 2053 1191; x_wconf 87' lang='lat' dir='ltr'>sanctus</span> 
     </span>
     <span class='ocr_line' id='line_1_25' title="bbox 514 1218 2054 1276; baseline -0.001 -14"><span class='ocrx_word' id='word_1_116' title='bbox 514 1221 743 1271; x_wconf 83' lang='lat' dir='ltr'>exstiterit,</span> <span class='ocrx_word' id='word_1_117' title='bbox 779 1236 997 1276; x_wconf 86' lang='lat' dir='ltr'>quamque</span> <span class='ocrx_word' id='word_1_118' title='bbox 1034 1220 1310 1276; x_wconf 88' lang='lat' dir='ltr'>acceptabilis</span> <span class='ocrx_word' id='word_1_119' title='bbox 1344 1227 1490 1261; x_wconf 88' lang='lat' dir='ltr'>sancto</span> <span class='ocrx_word' id='word_1_120' title='bbox 1524 1220 1752 1261; x_wconf 86' lang='lat' dir='ltr'>Dunstano</span> <span class='ocrx_word' id='word_1_121' title='bbox 1785 1225 1829 1260; x_wconf 92' lang='lat' dir='ltr'>et</span> <span class='ocrx_word' id='word_1_122' title='bbox 1862 1218 2054 1274; x_wconf 89' lang='lat' dir='ltr'>piissimo</span> 
     </span>
     <span class='ocr_line' id='line_1_26' title="bbox 513 1288 2055 1348; baseline -0.002 -15"><span class='ocrx_word' id='word_1_123' title='bbox 513 1292 603 1347; x_wconf 88' lang='lat' dir='ltr'>regi</span> <span class='ocrx_word' id='word_1_124' title='bbox 642 1292 809 1348; x_wconf 86' lang='lat' dir='ltr'>Edgaro</span> <span class='ocrx_word' id='word_1_125' title='bbox 851 1290 993 1339; x_wconf 88' lang='lat' dir='ltr'>fuerit,</span> <span class='ocrx_word' id='word_1_126' title='bbox 1031 1290 1268 1346; x_wconf 87' lang='lat' dir='ltr'>probarunt</span> <span class='ocrx_word' id='word_1_127' title='bbox 1310 1296 1503 1346; x_wconf 86' lang='lat' dir='ltr'>tempore</span> <span class='ocrx_word' id='word_1_128' title='bbox 1540 1304 1616 1331; x_wconf 90' lang='lat' dir='ltr'>suo</span> <span class='ocrx_word' id='word_1_129' title='bbox 1653 1290 1908 1331; x_wconf 84' lang='lat' dir='ltr'>reformatus</span> <span class='ocrx_word' id='word_1_130' title='bbox 1943 1288 2055 1330; x_wconf 92' lang='lat' dir='ltr'>istuc</span> 
     </span>
     <span class='ocr_line' id='line_1_27' title="bbox 514 1358 2054 1414; baseline -0.002 -12"><span class='ocrx_word' id='word_1_131' title='bbox 514 1361 774 1402; x_wconf 86' lang='lat' dir='ltr'>monasticus</span> <span class='ocrx_word' id='word_1_132' title='bbox 807 1360 908 1402; x_wconf 86' lang='lat' dir='ltr'>ordo</span> <span class='ocrx_word' id='word_1_133' title='bbox 939 1375 986 1400; x_wconf 88' lang='lat' dir='ltr'>ac</span> <span class='ocrx_word' id='word_1_134' title='bbox 1017 1359 1061 1400; x_wconf 87' lang='lat' dir='ltr'>in</span> <span class='ocrx_word' id='word_1_135' title='bbox 1093 1359 1245 1401; x_wconf 90' lang='lat' dir='ltr'>diebus</span> <span class='ocrx_word' id='word_1_136' title='bbox 1277 1359 1365 1401; x_wconf 87' lang='lat' dir='ltr'>suis</span> <span class='ocrx_word' id='word_1_137' title='bbox 1397 1364 1680 1414; x_wconf 87' lang='lat' dir='ltr'>augmentata</span> <span class='ocrx_word' id='word_1_138' title='bbox 1712 1358 1961 1400; x_wconf 89' lang='lat' dir='ltr'>monasterii</span> <span class='ocrx_word' id='word_1_139' title='bbox 1987 1358 2054 1400; x_wconf 90' lang='lat' dir='ltr'>sui</span> 
     </span>
     <span class='ocr_line' id='line_1_28' title="bbox 513 1428 2055 1487; baseline -0.001 -15"><span class='ocrx_word' id='word_1_140' title='bbox 513 1431 703 1487; x_wconf 85' lang='lat' dir='ltr'>dignitas</span> <span class='ocrx_word' id='word_1_141' title='bbox 743 1438 787 1472; x_wconf 92' lang='lat' dir='ltr'>et</span> <span class='ocrx_word' id='word_1_142' title='bbox 829 1429 1046 1486; x_wconf 82' lang='lat' dir='ltr'>possessio.</span> <span class='ocrx_word' id='word_1_143' title='bbox 1127 1445 1241 1471; x_wconf 89' lang='lat' dir='ltr'>nunc</span> <span class='ocrx_word' id='word_1_144' title='bbox 1284 1445 1453 1485; x_wconf 84' lang='lat' dir='ltr'>quoque</span> <span class='ocrx_word' id='word_1_145' title='bbox 1496 1428 1695 1485; x_wconf 81' lang='lat' dir='ltr'>precibus</span> <span class='ocrx_word' id='word_1_146' title='bbox 1736 1429 1830 1484; x_wconf 91' lang='lat' dir='ltr'>ejus</span> <span class='ocrx_word' id='word_1_147' title='bbox 1871 1428 2055 1470; x_wconf 87' lang='lat' dir='ltr'>assiduis</span> 
     </span>
     <span class='ocr_line' id='line_1_29' title="bbox 506 1497 2053 1556; baseline -0.002 -15"><span class='ocrx_word' id='word_1_148' title='bbox 506 1500 651 1556; x_wconf 86' lang='lat' dir='ltr'>juvari</span> <span class='ocrx_word' id='word_1_149' title='bbox 680 1515 900 1556; x_wconf 89' lang='lat' dir='ltr'>speramus</span> <span class='ocrx_word' id='word_1_150' title='bbox 932 1500 976 1541; x_wconf 91' lang='lat' dir='ltr'>in</span> <span class='ocrx_word' id='word_1_151' title='bbox 1006 1500 1084 1540; x_wconf 88' lang='lat' dir='ltr'>hoc</span> <span class='ocrx_word' id='word_1_152' title='bbox 1113 1500 1292 1548; x_wconf 88' lang='lat' dir='ltr'>saeculo,</span> <span class='ocrx_word' id='word_1_153' title='bbox 1315 1514 1443 1554; x_wconf 83' lang='lat' dir='ltr'>quem</span> <span class='ocrx_word' id='word_1_154' title='bbox 1475 1498 1591 1540; x_wconf 88' lang='lat' dir='ltr'>inter</span> <span class='ocrx_word' id='word_1_155' title='bbox 1620 1497 1823 1554; x_wconf 87' lang='lat' dir='ltr'>gloriosos</span> <span class='ocrx_word' id='word_1_156' title='bbox 1852 1497 2053 1539; x_wconf 82' lang='lat' dir='ltr'>ecclesiae</span> 
     </span>
     <span class='ocr_line' id='line_1_30' title="bbox 513 1568 2053 1626; baseline -0.002 -15"><span class='ocrx_word' id='word_1_157' title='bbox 513 1576 682 1611; x_wconf 88' lang='lat' dir='ltr'>nostrae</span> <span class='ocrx_word' id='word_1_158' title='bbox 718 1576 919 1626; x_wconf 86' lang='lat' dir='ltr'>patronos</span> <span class='ocrx_word' id='word_1_159' title='bbox 954 1570 1123 1611; x_wconf 89' lang='lat' dir='ltr'>dulcem</span> <span class='ocrx_word' id='word_1_160' title='bbox 1157 1570 1365 1610; x_wconf 90' lang='lat' dir='ltr'>habemus</span> <span class='ocrx_word' id='word_1_161' title='bbox 1401 1569 1656 1610; x_wconf 88' lang='lat' dir='ltr'>advocatum</span> <span class='ocrx_word' id='word_1_162' title='bbox 1691 1568 1735 1608; x_wconf 91' lang='lat' dir='ltr'>in</span> <span class='ocrx_word' id='word_1_163' title='bbox 1768 1568 1893 1609; x_wconf 86' lang='lat' dir='ltr'>caelo.</span> <span class='ocrx_word' id='word_1_164' title='bbox 1955 1582 2053 1608; x_wconf 89' lang='lat' dir='ltr'>cum</span> 
     </span>
     <span class='ocr_line' id='line_1_31' title="bbox 513 1636 2054 1695; baseline -0.002 -15"><span class='ocrx_word' id='word_1_165' title='bbox 513 1639 648 1695; x_wconf 90' lang='lat' dir='ltr'>igitur</span> <span class='ocrx_word' id='word_1_166' title='bbox 687 1639 769 1680; x_wconf 90' lang='lat' dir='ltr'>iste</span> <span class='ocrx_word' id='word_1_167' title='bbox 810 1646 984 1680; x_wconf 85' lang='lat' dir='ltr'>sanctus</span> <span class='ocrx_word' id='word_1_168' title='bbox 1034 1637 1196 1679; x_wconf 90' lang='lat' dir='ltr'>domini</span> <span class='ocrx_word' id='word_1_169' title='bbox 1241 1637 1389 1679; x_wconf 87' lang='lat' dir='ltr'>multis</span> <span class='ocrx_word' id='word_1_170' title='bbox 1429 1636 1553 1678; x_wconf 88' lang='lat' dir='ltr'>annis</span> <span class='ocrx_word' id='word_1_171' title='bbox 1605 1642 1832 1691; x_wconf 88' lang='lat' dir='ltr'>utramque</span> <span class='ocrx_word' id='word_1_172' title='bbox 1874 1636 2054 1677; x_wconf 86' lang='lat' dir='ltr'>rexisset</span> 
     </span>
     <span class='ocr_line' id='line_1_32' title="bbox 513 1705 2055 1763; baseline -0.003 -13"><span class='ocrx_word' id='word_1_173' title='bbox 513 1709 745 1758; x_wconf 89' lang='lat' dir='ltr'>ecclesiam,</span> <span class='ocrx_word' id='word_1_174' title='bbox 787 1708 961 1750; x_wconf 83' lang='lat' dir='ltr'>tandem</span> <span class='ocrx_word' id='word_1_175' title='bbox 1012 1707 1133 1763; x_wconf 88' lang='lat' dir='ltr'>gravi</span> <span class='ocrx_word' id='word_1_176' title='bbox 1175 1707 1428 1748; x_wconf 87' lang='lat' dir='ltr'>infirmitate</span> <span class='ocrx_word' id='word_1_177' title='bbox 1480 1711 1711 1762; x_wconf 84' lang='lat' dir='ltr'>correptus,</span> <span class='ocrx_word' id='word_1_178' title='bbox 1752 1721 1800 1747; x_wconf 88' lang='lat' dir='ltr'>ac</span> <span class='ocrx_word' id='word_1_179' title='bbox 1851 1705 2055 1747; x_wconf 88' lang='lat' dir='ltr'>membris</span> 
     </span>
     <span class='ocr_line' id='line_1_33' title="bbox 511 1774 2053 1834; baseline -0.003 -15"><span class='ocrx_word' id='word_1_180' title='bbox 511 1777 721 1834; x_wconf 87' lang='lat' dir='ltr'>corporeis</span> <span class='ocrx_word' id='word_1_181' title='bbox 771 1792 871 1833; x_wconf 87' lang='lat' dir='ltr'>prae</span> <span class='ocrx_word' id='word_1_182' title='bbox 922 1776 1206 1833; x_wconf 83' lang='lat' dir='ltr'>aegritudinis</span> <span class='ocrx_word' id='word_1_183' title='bbox 1258 1775 1559 1831; x_wconf 85' lang='lat' dir='ltr'>magnitudine</span> <span class='ocrx_word' id='word_1_184' title='bbox 1610 1775 1696 1816; x_wconf 88' lang='lat' dir='ltr'>fere</span> <span class='ocrx_word' id='word_1_185' title='bbox 1737 1774 1968 1823; x_wconf 89' lang='lat' dir='ltr'>dissolutis,</span> <span class='ocrx_word' id='word_1_186' title='bbox 2009 1774 2053 1815; x_wconf 94' lang='lat' dir='ltr'>in</span> 
     </span>
     <span class='ocr_line' id='line_1_34' title="bbox 513 1844 2053 1902; baseline -0.001 -14"><span class='ocrx_word' id='word_1_187' title='bbox 513 1847 765 1888; x_wconf 89' lang='lat' dir='ltr'>admirabile</span> <span class='ocrx_word' id='word_1_188' title='bbox 802 1846 919 1887; x_wconf 88' lang='lat' dir='ltr'>beati</span> <span class='ocrx_word' id='word_1_189' title='bbox 951 1845 1302 1902; x_wconf 85' lang='lat' dir='ltr'>contemplatoris</span> <span class='ocrx_word' id='word_1_190' title='bbox 1336 1844 1546 1900; x_wconf 85' lang='lat' dir='ltr'>Stephani</span> <span class='ocrx_word' id='word_1_191' title='bbox 1581 1844 1725 1900; x_wconf 89' lang='lat' dir='ltr'>erupit</span> <span class='ocrx_word' id='word_1_192' title='bbox 1755 1844 2053 1900; x_wconf 85' lang='lat' dir='ltr'>praeconium:</span> 
     </span>
     <span class='ocr_line' id='line_1_35' title="bbox 515 1912 2056 1972; baseline -0.003 -14"><span class='ocrx_word' id='word_1_193' title='bbox 515 1918 634 1966; x_wconf 85' lang='lat' dir='ltr'>Ecce,</span> <span class='ocrx_word' id='word_1_194' title='bbox 662 1916 817 1972; x_wconf 78' lang='lat' dir='ltr'>inquit,</span> <span class='ocrx_word' id='word_1_195' title='bbox 846 1916 968 1957; x_wconf 90' lang='lat' dir='ltr'>video</span> <span class='ocrx_word' id='word_1_196' title='bbox 1000 1916 1136 1957; x_wconf 86' lang='lat' dir='ltr'>caelos</span> <span class='ocrx_word' id='word_1_197' title='bbox 1164 1921 1335 1971; x_wconf 86' lang='lat' dir='ltr'>apertos</span> <span class='ocrx_word' id='word_1_198' title='bbox 1363 1920 1407 1955; x_wconf 90' lang='lat' dir='ltr'>et</span> <span class='ocrx_word' id='word_1_199' title='bbox 1438 1914 1590 1955; x_wconf 78' lang='lat' dir='ltr'>Jesum</span> <span class='ocrx_word' id='word_1_200' title='bbox 1619 1918 1808 1955; x_wconf 88' lang='lat' dir='ltr'>stantem</span> <span class='ocrx_word' id='word_1_201' title='bbox 1840 1928 1865 1954; x_wconf 91' lang='lat' dir='ltr'>a</span> <span class='ocrx_word' id='word_1_202' title='bbox 1892 1912 2056 1954; x_wconf 87' lang='lat' dir='ltr'>dextris</span> 
     </span>
     <span class='ocr_line' id='line_1_36' title="bbox 514 1981 2057 2041; baseline -0.004 -13"><span class='ocrx_word' id='word_1_203' title='bbox 514 1986 594 2028; x_wconf 90' lang='lat' dir='ltr'>dei.</span> <span class='ocrx_word' id='word_1_204' title='bbox 655 1992 786 2041; x_wconf 82' lang='lat' dir='ltr'>atque</span> <span class='ocrx_word' id='word_1_205' title='bbox 815 1985 859 2026; x_wconf 88' lang='lat' dir='ltr'>in</span> <span class='ocrx_word' id='word_1_206' title='bbox 889 1986 967 2026; x_wconf 89' lang='lat' dir='ltr'>hac</span> <span class='ocrx_word' id='word_1_207' title='bbox 1000 2000 1096 2026; x_wconf 84' lang='lat' dir='ltr'>voce</span> <span class='ocrx_word' id='word_1_208' title='bbox 1124 1983 1402 2040; x_wconf 87' lang='lat' dir='ltr'>praedicabili</span> <span class='ocrx_word' id='word_1_209' title='bbox 1432 1982 1634 2038; x_wconf 86' lang='lat' dir='ltr'>spiritum</span> <span class='ocrx_word' id='word_1_210' title='bbox 1662 1997 1789 2023; x_wconf 88' lang='lat' dir='ltr'>suum</span> <span class='ocrx_word' id='word_1_211' title='bbox 1818 1981 1980 2023; x_wconf 83' lang='lat' dir='ltr'>efflavit</span> <span class='ocrx_word' id='word_1_212' title='bbox 2012 1981 2057 2023; x_wconf 92' lang='lat' dir='ltr'>in</span> 
     </span>
     <span class='ocr_line' id='line_1_37' title="bbox 516 2051 2055 2107; baseline -0.003 -10"><span class='ocrx_word' id='word_1_213' title='bbox 516 2071 645 2097; x_wconf 86' lang='lat' dir='ltr'>manu</span> <span class='ocrx_word' id='word_1_214' title='bbox 674 2054 860 2105; x_wconf 75' lang='lat' dir='ltr'>domini3</span> <span class='ocrx_word' id='word_1_215' title='bbox 892 2061 936 2096; x_wconf 86' lang='lat' dir='ltr'>et</span> <span class='ocrx_word' id='word_1_216' title='bbox 968 2055 1011 2095; x_wconf 92' lang='lat' dir='ltr'>in</span> <span class='ocrx_word' id='word_1_217' title='bbox 1041 2054 1217 2096; x_wconf 86' lang='lat' dir='ltr'>ecclesia</span> <span class='ocrx_word' id='word_1_218' title='bbox 1248 2052 1483 2095; x_wconf 84' lang='lat' dir='ltr'>cathedrali</span> <span class='ocrx_word' id='word_1_219' title='bbox 1516 2051 1825 2094; x_wconf 82' lang='lat' dir='ltr'>Shireburniae</span> <span class='ocrx_word' id='word_1_220' title='bbox 1857 2051 2055 2107; x_wconf 89' lang='lat' dir='ltr'>sepultus</span> 
     </span>
     <span class='ocr_line' id='line_1_38' title="bbox 516 2120 2056 2176; baseline -0.003 -10"><span class='ocrx_word' id='word_1_221' title='bbox 516 2131 591 2166; x_wconf 89' lang='lat' dir='ltr'>est.</span> <span class='ocrx_word' id='word_1_222' title='bbox 654 2124 722 2165; x_wconf 87' lang='lat' dir='ltr'>hic</span> <span class='ocrx_word' id='word_1_223' title='bbox 757 2125 911 2165; x_wconf 90' lang='lat' dir='ltr'>beatus</span> <span class='ocrx_word' id='word_1_224' title='bbox 947 2123 1145 2165; x_wconf 86' lang='lat' dir='ltr'>caelicola</span> <span class='ocrx_word' id='word_1_225' title='bbox 1176 2122 1385 2164; x_wconf 88' lang='lat' dir='ltr'>duodenis</span> <span class='ocrx_word' id='word_1_226' title='bbox 1416 2121 1540 2162; x_wconf 86' lang='lat' dir='ltr'>annis</span> <span class='ocrx_word' id='word_1_227' title='bbox 1571 2120 1785 2176; x_wconf 88' lang='lat' dir='ltr'>requievit</span> <span class='ocrx_word' id='word_1_228' title='bbox 1817 2120 1861 2161; x_wconf 89' lang='lat' dir='ltr'>in</span> <span class='ocrx_word' id='word_1_229' title='bbox 1893 2120 2056 2170; x_wconf 90' lang='lat' dir='ltr'>tumba,</span> 
     </span>
    </p>
   </div>
   <div class='ocr_carea' id='block_1_8' title="bbox 517 2189 2094 2248">
    <p class='ocr_par' dir='ltr' id='par_1_9' title="bbox 517 2189 2094 2248">
     <span class='ocr_line' id='line_1_39' title="bbox 517 2189 2094 2248; baseline -0.004 -13"><span class='ocrx_word' id='word_1_230' title='bbox 517 2193 582 2235; x_wconf 88' lang='lat' dir='ltr'>uti</span> <span class='ocrx_word' id='word_1_231' title='bbox 614 2193 815 2235; x_wconf 87' lang='lat' dir='ltr'>videlicet</span> <span class='ocrx_word' id='word_1_232' title='bbox 846 2207 1028 2248; x_wconf 86' lang='lat' dir='ltr'>granum</span> <span class='ocrx_word' id='word_1_233' title='bbox 1062 2191 1269 2233; x_wconf 86' lang='lat' dir='ltr'>frumenti</span> <span class='ocrx_word' id='word_1_234' title='bbox 1301 2197 1520 2232; x_wconf 86' lang='lat' dir='ltr'>mortuum</span> <span class='ocrx_word' id='word_1_235' title='bbox 1546 2190 1664 2245; x_wconf 86' lang='lat' dir='ltr'>jacet</span> <span class='ocrx_word' id='word_1_236' title='bbox 1695 2189 1775 2230; x_wconf 88' lang='lat' dir='ltr'>sub</span> <span class='ocrx_word' id='word_1_237' title='bbox 1807 2195 1931 2238; x_wconf 88' lang='lat' dir='ltr'>terra,</span> <span class='ocrx_word' id='word_1_238' title='bbox 1952 2189 2056 2230; x_wconf 88' lang='lat' dir='ltr'>dum</span> <span class='ocrx_word' id='word_1_239' title='bbox 2079 2206 2094 2226; x_wconf 82' lang='lat'><strong>2</strong></span> 
     </span>
    </p>
   </div>
   <div class='ocr_carea' id='block_1_9' title="bbox 515 2260 2058 2733">
    <p class='ocr_par' dir='ltr' id='par_1_10' title="bbox 515 2260 2058 2733">
     <span class='ocr_line' id='line_1_40' title="bbox 518 2260 2055 2318; baseline -0.003 -14"><span class='ocrx_word' id='word_1_240' title='bbox 518 2263 627 2304; x_wconf 83' lang='lat' dir='ltr'>vires</span> <span class='ocrx_word' id='word_1_241' title='bbox 667 2262 840 2318; x_wconf 86' lang='lat' dir='ltr'>colligat</span> <span class='ocrx_word' id='word_1_242' title='bbox 891 2262 1048 2318; x_wconf 85' lang='lat' dir='ltr'>quibus</span> <span class='ocrx_word' id='word_1_243' title='bbox 1089 2262 1133 2302; x_wconf 91' lang='lat' dir='ltr'>in</span> <span class='ocrx_word' id='word_1_244' title='bbox 1184 2275 1363 2317; x_wconf 79' lang='lat' dir='ltr'>genuen</span> <span class='ocrx_word' id='word_1_245' title='bbox 1403 2265 1447 2301; x_wconf 85' lang='lat' dir='ltr'>et</span> <span class='ocrx_word' id='word_1_246' title='bbox 1489 2260 1677 2300; x_wconf 88' lang='lat' dir='ltr'>fructum</span> <span class='ocrx_word' id='word_1_247' title='bbox 1731 2265 2055 2314; x_wconf 86' lang='lat' dir='ltr'>temporaneum</span> 
     </span>
     <span class='ocr_line' id='line_1_41' title="bbox 516 2327 2058 2388; baseline -0.003 -15"><span class='ocrx_word' id='word_1_248' title='bbox 516 2338 726 2388; x_wconf 89' lang='lat' dir='ltr'>erumpat.</span> <span class='ocrx_word' id='word_1_249' title='bbox 790 2331 902 2372; x_wconf 87' lang='lat' dir='ltr'>unde</span> <span class='ocrx_word' id='word_1_250' title='bbox 937 2331 1029 2386; x_wconf 85' lang='lat' dir='ltr'>jam</span> <span class='ocrx_word' id='word_1_251' title='bbox 1063 2330 1154 2386; x_wconf 91' lang='lat' dir='ltr'>ipso</span> <span class='ocrx_word' id='word_1_252' title='bbox 1187 2329 1439 2371; x_wconf 87' lang='lat' dir='ltr'>duodecimo</span> <span class='ocrx_word' id='word_1_253' title='bbox 1467 2328 1611 2370; x_wconf 84' lang='lat' dir='ltr'>obitus</span> <span class='ocrx_word' id='word_1_254' title='bbox 1645 2327 1711 2369; x_wconf 88' lang='lat' dir='ltr'>sui</span> <span class='ocrx_word' id='word_1_255' title='bbox 1747 2342 1859 2369; x_wconf 90' lang='lat' dir='ltr'>anno</span> <span class='ocrx_word' id='word_1_256' title='bbox 1890 2328 2058 2369; x_wconf 89' lang='lat' dir='ltr'>elevata</span> 
     </span>
     <span class='ocr_line' id='line_1_42' title="bbox 516 2397 2057 2455; baseline -0.003 -13"><span class='ocrx_word' id='word_1_257' title='bbox 516 2402 568 2443; x_wconf 86' lang='lat' dir='ltr'>de</span> <span class='ocrx_word' id='word_1_258' title='bbox 591 2401 743 2443; x_wconf 87' lang='lat' dir='ltr'>tumba</span> <span class='ocrx_word' id='word_1_259' title='bbox 764 2416 841 2441; x_wconf 87' lang='lat' dir='ltr'>sua</span> <span class='ocrx_word' id='word_1_260' title='bbox 857 2399 1126 2441; x_wconf 88' lang='lat' dir='ltr'>sanctissima</span> <span class='ocrx_word' id='word_1_261' title='bbox 1147 2399 1337 2455; x_wconf 85' lang='lat' dir='ltr'>pignora,</span> <span class='ocrx_word' id='word_1_262' title='bbox 1359 2404 1489 2453; x_wconf 88' lang='lat' dir='ltr'>atque</span> <span class='ocrx_word' id='word_1_263' title='bbox 1506 2397 1551 2438; x_wconf 88' lang='lat' dir='ltr'>in</span> <span class='ocrx_word' id='word_1_264' title='bbox 1568 2412 1677 2438; x_wconf 89' lang='lat' dir='ltr'>novo</span> <span class='ocrx_word' id='word_1_265' title='bbox 1699 2397 1845 2438; x_wconf 92' lang='lat' dir='ltr'>locello</span> <span class='ocrx_word' id='word_1_266' title='bbox 1867 2403 2057 2452; x_wconf 86' lang='lat' dir='ltr'>excepta,</span> 
     </span>
     <span class='ocr_line' id='line_1_43' title="bbox 516 2466 2054 2523; baseline -0.003 -12"><span class='ocrx_word' id='word_1_267' title='bbox 516 2471 664 2513; x_wconf 87' lang='lat' dir='ltr'>debita</span> <span class='ocrx_word' id='word_1_268' title='bbox 684 2469 912 2511; x_wconf 87' lang='lat' dir='ltr'>devotione</span> <span class='ocrx_word' id='word_1_269' title='bbox 934 2484 1031 2510; x_wconf 91' lang='lat' dir='ltr'>cum</span> <span class='ocrx_word' id='word_1_270' title='bbox 1054 2468 1217 2509; x_wconf 83' lang='lat' dir='ltr'>canoris</span> <span class='ocrx_word' id='word_1_271' title='bbox 1243 2468 1443 2509; x_wconf 83' lang='lat' dir='ltr'>laudibus</span> <span class='ocrx_word' id='word_1_272' title='bbox 1465 2467 1508 2508; x_wconf 92' lang='lat' dir='ltr'>in</span> <span class='ocrx_word' id='word_1_273' title='bbox 1532 2467 1753 2508; x_wconf 85' lang='lat' dir='ltr'>ecclesiam</span> <span class='ocrx_word' id='word_1_274' title='bbox 1783 2473 1990 2523; x_wconf 88' lang='lat' dir='ltr'>tanquam</span> <span class='ocrx_word' id='word_1_275' title='bbox 2012 2466 2054 2507; x_wconf 92' lang='lat' dir='ltr'>in</span> 
     </span>
     <span class='ocr_line' id='line_1_44' title="bbox 515 2536 2056 2593; baseline -0.003 -11"><span class='ocrx_word' id='word_1_276' title='bbox 515 2557 585 2582; x_wconf 90' lang='lat' dir='ltr'>cor</span> <span class='ocrx_word' id='word_1_277' title='bbox 606 2540 847 2582; x_wconf 80' lang='lat' dir='ltr'>Jerusalem</span> <span class='ocrx_word' id='word_1_278' title='bbox 870 2539 1199 2588; x_wconf 87' lang='lat' dir='ltr'>transferuntur,</span> <span class='ocrx_word' id='word_1_279' title='bbox 1216 2543 1348 2593; x_wconf 87' lang='lat' dir='ltr'>atque</span> <span class='ocrx_word' id='word_1_280' title='bbox 1365 2537 1410 2578; x_wconf 90' lang='lat' dir='ltr'>in</span> <span class='ocrx_word' id='word_1_281' title='bbox 1431 2537 1658 2578; x_wconf 84' lang='lat' dir='ltr'>dexterum</span> <span class='ocrx_word' id='word_1_282' title='bbox 1680 2537 1793 2578; x_wconf 90' lang='lat' dir='ltr'>latus</span> <span class='ocrx_word' id='word_1_283' title='bbox 1814 2536 2056 2578; x_wconf 85' lang='lat' dir='ltr'>authentici</span> 
     </span>
     <span class='ocr_line' id='line_1_45' title="bbox 516 2604 2056 2662; baseline -0.003 -12"><span class='ocrx_word' id='word_1_284' title='bbox 516 2608 663 2651; x_wconf 84' lang='lat' dir='ltr'>altaris</span> <span class='ocrx_word' id='word_1_285' title='bbox 684 2608 998 2658; x_wconf 73' lang='lat' dir='ltr'>reconduntur3</span> <span class='ocrx_word' id='word_1_286' title='bbox 1029 2606 1104 2648; x_wconf 89' lang='lat' dir='ltr'>ubi</span> <span class='ocrx_word' id='word_1_287' title='bbox 1126 2606 1283 2648; x_wconf 89' lang='lat' dir='ltr'>cotidie</span> <span class='ocrx_word' id='word_1_288' title='bbox 1306 2612 1406 2647; x_wconf 87' lang='lat' dir='ltr'>vota</span> <span class='ocrx_word' id='word_1_289' title='bbox 1427 2605 1670 2662; x_wconf 89' lang='lat' dir='ltr'>supplicum</span> <span class='ocrx_word' id='word_1_290' title='bbox 1699 2621 1725 2646; x_wconf 90' lang='lat' dir='ltr'>a</span> <span class='ocrx_word' id='word_1_291' title='bbox 1752 2604 1925 2646; x_wconf 89' lang='lat' dir='ltr'>domino</span> <span class='ocrx_word' id='word_1_292' title='bbox 1950 2605 1979 2646; x_wconf 81' lang='lat' dir='ltr'>J</span> <span class='ocrx_word' id='word_1_293' title='bbox 1982 2620 2056 2646; x_wconf 90' lang='lat' dir='ltr'>esu</span> 
     </span>
     <span class='ocr_line' id='line_1_46' title="bbox 517 2676 1522 2733; baseline -0.004 -13"><span class='ocrx_word' id='word_1_294' title='bbox 517 2678 690 2721; x_wconf 85' lang='lat' dir='ltr'>Christo</span> <span class='ocrx_word' id='word_1_295' title='bbox 710 2677 780 2733; x_wconf 87' lang='lat' dir='ltr'>pie</span> <span class='ocrx_word' id='word_1_296' title='bbox 802 2683 846 2718; x_wconf 91' lang='lat' dir='ltr'>et</span> <span class='ocrx_word' id='word_1_297' title='bbox 868 2676 1199 2718; x_wconf 86' lang='lat' dir='ltr'>misericorditer</span> <span class='ocrx_word' id='word_1_298' title='bbox 1220 2676 1522 2717; x_wconf 86' lang='lat' dir='ltr'>exaudiuntur.</span> 
     </span>
    </p>
   </div>
   <div class='ocr_carea' id='block_1_10' title="bbox 603 2829 1526 2888">
    <p class='ocr_par' dir='ltr' id='par_1_11' title="bbox 603 2829 1526 2888">
     <span class='ocr_line' id='line_1_47' title="bbox 603 2829 1526 2888; baseline -0.005 -14"><span class='ocrx_word' id='word_1_299' title='bbox 603 2832 855 2888; x_wconf 84' lang='lat' dir='ltr'>Capitulum</span> <span class='ocrx_word' id='word_1_300' title='bbox 889 2830 1003 2872; x_wconf 79' lang='lat' dir='ltr'>xviii.</span> <span class='ocrx_word' id='word_1_301' title='bbox 1065 2830 1130 2871; x_wconf 89' lang='lat' dir='ltr'>De</span> <span class='ocrx_word' id='word_1_302' title='bbox 1162 2830 1328 2884; x_wconf 81' lang='lat' dir='ltr'>Alfwyo</span> <span class='ocrx_word' id='word_1_303' title='bbox 1358 2829 1526 2870; x_wconf 87' lang='lat' dir='ltr'>abbate.</span> 
     </span>
    </p>
   </div>
   <div class='ocr_carea' id='block_1_11' title="bbox 518 2920 2059 3188">
    <p class='ocr_par' dir='ltr' id='par_1_12' title="bbox 518 2920 2059 3188">
     <span class='ocr_line' id='line_1_48' title="bbox 605 2920 2058 2965; baseline -0.002 -1"><span class='ocrx_word' id='word_1_304' title='bbox 605 2925 763 2965; x_wconf 82' lang='lat' dir='ltr'>Sancto</span> <span class='ocrx_word' id='word_1_305' title='bbox 798 2922 993 2964; x_wconf 87' lang='lat' dir='ltr'>Wulsino</span> <span class='ocrx_word' id='word_1_306' title='bbox 1026 2923 1182 2963; x_wconf 85' lang='lat' dir='ltr'>abbate</span> <span class='ocrx_word' id='word_1_307' title='bbox 1219 2920 1589 2962; x_wconf 85' lang='lat' dir='ltr'>Westmonasterii</span> <span class='ocrx_word' id='word_1_308' title='bbox 1624 2927 1667 2962; x_wconf 79' lang='lat' dir='ltr'>et</span> <span class='ocrx_word' id='word_1_309' title='bbox 1704 2920 2058 2962; x_wconf 85' lang='lat' dir='ltr'>Shireburnensis</span> 
     </span>
     <span class='ocr_line' id='line_1_49' title="bbox 518 2989 2056 3048; baseline -0.003 -14"><span class='ocrx_word' id='word_1_310' title='bbox 518 2993 717 3035; x_wconf 81' lang='lat' dir='ltr'>ecclesiae</span> <span class='ocrx_word' id='word_1_311' title='bbox 750 2992 946 3048; x_wconf 89' lang='lat' dir='ltr'>episcopo</span> <span class='ocrx_word' id='word_1_312' title='bbox 978 2991 1089 3032; x_wconf 85' lang='lat' dir='ltr'>viam</span> <span class='ocrx_word' id='word_1_313' title='bbox 1124 2990 1346 3031; x_wconf 87' lang='lat' dir='ltr'>universae</span> <span class='ocrx_word' id='word_1_314' title='bbox 1378 2990 1515 3031; x_wconf 90' lang='lat' dir='ltr'>carnis</span> <span class='ocrx_word' id='word_1_315' title='bbox 1547 2990 1747 3046; x_wconf 87' lang='lat' dir='ltr'>ingresso,</span> <span class='ocrx_word' id='word_1_316' title='bbox 1779 2989 1982 3031; x_wconf 88' lang='lat' dir='ltr'>successit</span> <span class='ocrx_word' id='word_1_317' title='bbox 2013 2990 2056 3031; x_wconf 91' lang='lat' dir='ltr'>in</span> 
     </span>
     <span class='ocr_line' id='line_1_50' title="bbox 519 3058 2059 3115; baseline -0.003 -11"><span class='ocrx_word' id='word_1_318' title='bbox 519 3063 666 3104; x_wconf 87' lang='lat' dir='ltr'>codem</span> <span class='ocrx_word' id='word_1_319' title='bbox 710 3062 799 3102; x_wconf 88' lang='lat' dir='ltr'>loco</span> <span class='ocrx_word' id='word_1_320' title='bbox 841 3077 891 3101; x_wconf 77' lang='lat' dir='ltr'>ex</span> <span class='ocrx_word' id='word_1_321' title='bbox 933 3059 1150 3101; x_wconf 88' lang='lat' dir='ltr'>communi</span> <span class='ocrx_word' id='word_1_322' title='bbox 1203 3060 1382 3100; x_wconf 87' lang='lat' dir='ltr'>fratrum</span> <span class='ocrx_word' id='word_1_323' title='bbox 1425 3059 1599 3100; x_wconf 88' lang='lat' dir='ltr'>consilio</span> <span class='ocrx_word' id='word_1_324' title='bbox 1650 3065 1795 3115; x_wconf 90' lang='lat' dir='ltr'>pastor</span> <span class='ocrx_word' id='word_1_325' title='bbox 1835 3064 1879 3100; x_wconf 86' lang='lat' dir='ltr'>et</span> <span class='ocrx_word' id='word_1_326' title='bbox 1927 3058 2059 3100; x_wconf 87' lang='lat' dir='ltr'>abbas</span> 
     </span>
     <span class='ocr_line' id='line_1_51' title="bbox 521 3128 2059 3188; baseline -0.003 -14"><span class='ocrx_word' id='word_1_327' title='bbox 521 3133 715 3188; x_wconf 85' lang='lat' dir='ltr'>Alfwyus</span> <span class='ocrx_word' id='word_1_328' title='bbox 750 3131 933 3173; x_wconf 86' lang='lat' dir='ltr'>nomine.</span> <span class='ocrx_word' id='word_1_329' title='bbox 994 3130 1063 3171; x_wconf 92' lang='lat' dir='ltr'>hic</span> <span class='ocrx_word' id='word_1_330' title='bbox 1100 3135 1144 3171; x_wconf 92' lang='lat' dir='ltr'>et</span> <span class='ocrx_word' id='word_1_331' title='bbox 1185 3128 1360 3170; x_wconf 87' lang='lat' dir='ltr'>natione</span> <span class='ocrx_word' id='word_1_332' title='bbox 1396 3129 1606 3185; x_wconf 89' lang='lat' dir='ltr'>Anglicus</span> <span class='ocrx_word' id='word_1_333' title='bbox 1639 3128 1778 3170; x_wconf 90' lang='lat' dir='ltr'>eidem</span> <span class='ocrx_word' id='word_1_334' title='bbox 1815 3129 1904 3170; x_wconf 90' lang='lat' dir='ltr'>loco</span> <span class='ocrx_word' id='word_1_335' title='bbox 1939 3143 2059 3185; x_wconf 84' lang='lat' dir='ltr'>prae-</span> 
     </span>
    </p>
   </div>
   <div class='ocr_carea' id='block_1_12' title="bbox 984 3243 1590 3284">
    <p class='ocr_par' dir='ltr' id='par_1_13' title="bbox 984 3243 1590 3284">
     <span class='ocr_line' id='line_1_52' title="bbox 984 3243 1590 3284; baseline 0 -9"><span class='ocrx_word' id='word_1_336' title='bbox 984 3247 1023 3276; x_wconf 82' lang='lat'>12</span> <span class='ocrx_word' id='word_1_337' title='bbox 1049 3244 1166 3284; x_wconf 81' lang='lat' dir='ltr'>fuerit]</span> <span class='ocrx_word' id='word_1_338' title='bbox 1184 3245 1373 3284; x_wconf 68' lang='lat' dir='ltr'>Iegyendum:</span> <span class='ocrx_word' id='word_1_339' title='bbox 1399 3244 1489 3276; x_wconf 88' lang='lat' dir='ltr'>fiunt</span> <span class='ocrx_word' id='word_1_340' title='bbox 1505 3243 1590 3276; x_wconf 89' lang='lat' dir='ltr'>DW.</span> 
     </span>
    </p>
   </div>
   <div class='ocr_carea' id='block_1_13' title="bbox 2078 1169 2115 1190">
    <p class='ocr_par' dir='ltr' id='par_1_14' title="bbox 2078 1169 2115 1190">
     <span class='ocr_line' id='line_1_53' title="bbox 2078 1169 2115 1190; baseline 0.027 -1"><span class='ocrx_word' id='word_1_341' title='bbox 2078 1169 2115 1190; x_wconf 93' lang='lat'>10</span> 
     </span>
    </p>
   </div>
   <div class='ocr_carea' id='block_1_14' title="bbox 2079 1513 2113 1542">
    <p class='ocr_par' dir='ltr' id='par_1_15' title="bbox 2079 1513 2113 1542">
     <span class='ocr_line' id='line_1_54' title="bbox 2079 1513 2113 1542; baseline 0 0"><span class='ocrx_word' id='word_1_342' title='bbox 2079 1513 2113 1542; x_wconf 85' lang='lat'>¹5</span> 
     </span>
    </p>
   </div>
   <div class='ocr_carea' id='block_1_15' title="bbox 2076 1859 2116 1881">
    <p class='ocr_par' dir='ltr' id='par_1_16' title="bbox 2076 1859 2116 1881">
     <span class='ocr_line' id='line_1_55' title="bbox 2076 1859 2116 1881; baseline 0.025 -1"><span class='ocrx_word' id='word_1_343' title='bbox 2076 1859 2116 1881; x_wconf 81' lang='lat'>20</span> 
     </span>
    </p>
   </div>
   <div class='ocr_carea' id='block_1_16' title="bbox 2078 2550 2119 2581">
    <p class='ocr_par' dir='ltr' id='par_1_17' title="bbox 2078 2550 2119 2581">
     <span class='ocr_line' id='line_1_56' title="bbox 2078 2550 2119 2581; baseline 0 -9"><span class='ocrx_word' id='word_1_344' title='bbox 2078 2550 2119 2581; x_wconf 82' lang='grc'>30</span> 
     </span>
    </p>
   </div>
   <div class='ocr_carea' id='block_1_17' title="bbox 2080 3004 2118 3034">
    <p class='ocr_par' dir='ltr' id='par_1_18' title="bbox 2080 3004 2118 3034">
     <span class='ocr_line' id='line_1_57' title="bbox 2080 3004 2118 3034; baseline 0 0"><span class='ocrx_word' id='word_1_345' title='bbox 2080 3004 2118 3034; x_wconf 78' lang='grc'>35</span> 
     </span>
    </p>
   </div>
  </div>
 </body>
</html>
