2385 3891
93 696 185 729 Gifts
202 697 239 728 of
252 697 355 737 plate.

91 833 170 864 Two
187 832 348 873 serjeant-

91 876 159 908 cies
167 875 354 908 redeemed.

86 1879 136 1910 Cf.
161 1879 351 1911 ‘Domesct’

86 1923 121 1954 ff.
139 1923 279 1954 91—93.

86 2017 114 2047 A
131 2020 226 2057 great
244 2017 315 2053 fire,

87 2061 127 2092 29
145 2060 230 2091 Mar.

85 2105 200 2144 [1298]

85 2146 238 2187 destroys
256 2147 314 2178 the

85 2191 258 2222 monastic

86 2233 272 2274 buildings.

85 2443 135 2477 cf.
155 2442 234 2475 Bull
249 2443 286 2474 of

86 2487 192 2519 Clem.
211 2487 258 2518 VI

85 2530 118 2571 (5
136 2530 216 2570 May
232 2531 341 2572 1351),

84 2574 225 2605 Munim.
242 2574 294 2605 Bk
311 2576 341 2613 3,

85 2626 117 2657 p.
136 2618 188 2650 78.

84 2861 124 2901 Q.
143 2861 321 2911 Eleanor’s

83 2914 314 2947 anniversary.

660 429 906 480 Richard
950 431 1112 489 Ware,
1167 431 1355 480 Walter
1402 430 1635 481 Wenloelc
1822 433 1912 480 117

375 569 422 596 ac
444 554 573 595 etiam
596 554 832 611 assignavit
854 556 1038 611 portioni
1061 563 1295 597 conventus
1317 557 1490 598 boscum
1513 556 1565 597 de
1589 555 1842 611 Bradhegge
1869 555 1912 596 in

376 623 564 665 manerio
585 623 637 665 de
661 624 905 671 Greneford‚
927 625 1001 680 qui
1024 625 1106 666 fuit
1128 625 1182 666 ab
1203 625 1381 681 antiquo
1399 625 1451 666 de
1473 625 1668 681 portione
1690 624 1869 665 abbatis.

462 694 551 735 Iste
588 700 734 735 autem
772 695 903 736 abbas
938 695 1174 751 assignavit
1207 695 1434 736 conventui
1471 702 1566 751 post
1603 701 1785 736 mortem
1819 694 1912 749 ejus

376 777 475 803 vasa
495 769 723 818 argentea,
754 764 915 805 scilicet
937 764 1084 813 discos,
1116 763 1290 805 salsaria
1318 771 1362 805 et
1388 764 1528 819 pecias
1557 769 1782 820 argenteas
1808 776 1911 818 pon-

374 831 486 873 deris
523 832 535 872 Ι
574 832 778 873 librarum
816 839 859 874 et
895 832 1090 888 amplius.
1162 839 1383 888 praeterea
1424 833 1630 888 magister
1671 831 1912 873 Willelmus
1933 849 1948 879 5

373 900 426 941 de
470 900 688 942 Wendone
730 900 895 941 remisit
930 915 1005 957 pro
1046 916 1102 948 se,
1139 900 1368 941 heredibus
1404 907 1448 942 et
1485 900 1786 942 executoribus
1824 899 1912 941 suis

374 975 515 1011 totum
548 970 621 1026 jus
653 976 696 1011 et
728 970 938 1011 clameum
971 969 1084 1025 quod
1122 970 1274 1011 habuit
1312 970 1377 1011 vel
1414 970 1557 1026 aliquo
1595 970 1718 1011 modo
1755 969 1912 1011 habere

373 1039 517 1096 potuit
538 1039 583 1080 in
604 1039 771 1080 duabus
793 1039 1012 1095 serjanciis
1029 1054 1125 1080 cum
1144 1039 1342 1081 omnibus
1360 1039 1447 1080 suis
1465 1039 1741 1095 pertinentiis
1756 1053 1764 1090 3
1798 1039 1912 1081 vide—

373 1109 474 1151 licet
504 1109 549 1150 in
583 1108 789 1164 serjancia
821 1108 1023 1150 vestibuli
1056 1116 1100 1150 et
1132 1108 1177 1149 in
1207 1109 1414 1164 serjancia
1447 1108 1738 1164 pincernariae
1771 1108 1911 1150 WVest-

375 1179 634 1228 monasterii,
671 1194 768 1220 cum
805 1178 1017 1227 corrodiis,
1053 1178 1281 1234 stipendiis
1318 1184 1362 1219 et
1402 1178 1497 1219 aliis
1533 1178 1913 1220 commoditatibus
1936 1194 1973 1215 10

374 1249 533 1290 eisdem
557 1249 888 1305 pertinentibus,
914 1248 1132 1304 praedicto
1160 1249 1308 1290 abbati
1337 1254 1382 1290 et
1412 1248 1724 1290 suecessoribus
1752 1248 1840 1289 suis
1868 1248 1913 1289 in

373 1325 643 1375 perpetuum.
704 1335 779 1375 pro
811 1320 889 1360 hae
920 1327 1066 1360 autem
1101 1319 1363 1360 relaxatione
1397 1325 1441 1360 et
1477 1318 1626 1374 quieta
1658 1318 1912 1359 clamatione

372 1389 618 1444 praedictus
639 1389 771 1430 abbas
793 1395 837 1430 et
858 1395 1095 1430 conventus
1118 1389 1310 1444 ejusdem
1340 1389 1418 1430 loci
1447 1396 1747 1430 concesserunt
1773 1388 1912 1429 eidem

374 1458 601 1508 Willelmo,
622 1458 735 1514 quod
764 1458 938 1499 nomina
966 1457 1101 1513 ipsius
1132 1457 1337 1498 Willelmi
1366 1463 1410 1498 et
1438 1457 1650 1499 Johannis
1676 1457 1840 1498 Giffard
1869 1457 1913 1498 in

372 1528 553 1584 singulis
588 1528 830 1569 missalibus
864 1543 965 1569 suae
1000 1527 1200 1569 ecelesiae
1235 1527 1289 1568 ad
1322 1527 1511 1582 ipsorum
1538 1532 1793 1582 perpetuam
1827 1542 1912 1568 me-
1937 1543 1970 1573 ¹5

373 1598 550 1639 moriam
573 1597 854 1639 indelibiliter
874 1597 1209 1646 conscribantur,
1232 1596 1421 1652 ipsorum
1448 1595 1676 1637 animabus
1703 1611 1751 1637 ac
1780 1596 1912 1638 etiam

371 1667 598 1708 animabus
631 1667 808 1708 Roberti
842 1667 894 1708 de
927 1666 1150 1708 Wendone
1179 1672 1223 1707 et
1252 1666 1410 1707 Luciae
1439 1665 1582 1707 uxoris
1610 1680 1712 1707 suae
1741 1666 1912 1721 plenam

371 1736 688 1778 fraternitatem
729 1743 773 1778 et
815 1737 1084 1778 soror-itatem
1128 1736 1329 1778 ecclesiae
1371 1751 1472 1777 suae
1514 1736 1804 1777 concedentes.
1865 1751 1913 1777 ac

371 1806 503 1848 etiam
534 1806 648 1861 quod
679 1821 833 1847 nomen
871 1806 1079 1862 praedicti
1118 1805 1314 1863 magistri
1349 1805 1553 1847 Willelmi
1590 1805 1634 1846 in
1671 1804 1914 1860 martilogio

371 1875 561 1931 ipsorum
583 1875 886 1925 conscribatur,
908 1881 952 1916 et
974 1875 1156 1931 singulis
1177 1875 1301 1916 annis
1323 1874 1366 1915 in
1389 1874 1579 1930 capitulo
1593 1874 1638 1915 in
1652 1879 1910 1930 perpetuum
1933 1891 1973 1913 20

370 1944 588 1993 recitetur,
610 1949 660 1985 ut
681 1949 803 2000 patet
826 1943 870 1984 in
892 1959 1049 2000 magna
1070 1943 1314 1985 chartuaria
1336 1943 1446 1984 foliis
1470 1945 1534 1993 91,
1560 1945 1625 1991 92,
1649 1944 1716 1984 93.

459 2013 604 2068 Hujus
640 2019 785 2054 autem
820 2013 990 2054 abbatis
1019 2019 1300 2068 <tempore>‚
1326 2027 1437 2053 anno
1471 2012 1670 2053 videlicet
1708 2011 1824 2061 xvii⁰‚
1853 2011 1913 2052 iv⁰

372 2082 576 2124 kalendas
599 2082 771 2138 Aprilis,
793 2098 967 2124 accenso
990 2083 1088 2139 igne
1113 2083 1391 2123 vehementer
1412 2082 1455 2122 in
1473 2081 1625 2122 minori
1647 2082 1746 2122 aula
1761 2080 1911 2137 palatii

371 2151 490 2209 regii,
519 2167 566 2193 ac
595 2152 768 2192 flamma
796 2156 1008 2192 tecturam
1041 2151 1192 2193 domus
1223 2151 1470 2207 attingente
1502 2157 1716 2206 ventoque
1747 2149 1914 2206 agitata

370 2221 570 2262 abbatiae
612 2220 776 2262 vicinae
817 2220 1014 2261 aedificia
1054 2220 1286 2261 devoravit.
1361 2220 1414 2261 ob
1455 2235 1583 2276 quam
1625 2235 1797 2261 eausam
1839 2235 1910 2260 rex
1933 2242 1970 2272 25

372 2291 605 2332 Edwardus
637 2296 681 2332 et
712 2290 956 2346 praedictus
988 2290 1120 2331 abbas
1152 2296 1195 2331 et
1226 2295 1462 2331 conventus
1493 2289 1715 2346 petierunt
1746 2305 1771 2331 a
1802 2305 1912 2346 papa

370 2361 608 2409 Clemente,
640 2366 690 2402 ut
722 2359 922 2401 ecclesiae
949 2360 1002 2401 de
1031 2359 1279 2401 Kelvedene
1309 2365 1353 2400 et
1379 2359 1771 2400 Sabrichesworthe
1801 2359 1910 2400 Lon-

369 2430 586 2472 doniensis
617 2430 830 2471 dioceseos
862 2429 906 2470 in
933 2444 1035 2470 usus
1064 2428 1379 2484 praedictorum
1406 2427 1576 2469 abbatis
1603 2434 1646 2469 et
1675 2437 1911 2470 conventus

369 2500 626 2542 auctoritate
648 2498 881 2555 apostolica
902 2499 947 2540 in
967 2504 1226 2554 perpetuum
1251 2498 1479 2559 unirentur
1504 2503 1549 2539 et
1577 2498 1908 2554 incorporentur.

369 2576 414 2612 et
435 2570 633 2611 dominus
655 2585 767 2625 papa
788 2569 899 2625 regis
922 2568 1308 2624 supplicationibus
1331 2573 1374 2608 et
1395 2567 1710 2623 praedictorum
1741 2567 1910 2609 abbatis
1930 2591 1971 2620 30

369 2645 413 2680 et
454 2645 690 2681 conventus
731 2639 962 2680 inclinatus
1003 2638 1243 2694 praedictas
1285 2637 1482 2678 ecclesias
1524 2637 1725 2678 ecclesiae
1768 2637 1909 2678 VVest-

369 2709 616 2751 monasterii
652 2709 698 2750 in
734 2714 992 2765 perpetuum
1031 2708 1173 2749 univit
1210 2715 1254 2749 et
1290 2707 1587 2763 incorporavit,
1619 2712 1670 2747 ut
1706 2713 1828 2762 patet
1866 2706 1908 2747 in

368 2779 487 2821 bulla
518 2779 767 2821 Clementis,

455 2847 667 2888 Dominus
705 2846 939 2887 Edwardus
970 2861 1041 2887 rex
1076 2852 1172 2901 post
1204 2851 1487 2900 conquestum
1519 2844 1683 2900 primus
1714 2844 1909 2886 anniver-

365 2916 525 2958 sarium
546 2916 681 2957 bonae
704 2915 933 2957 memoriae
955 2915 1184 2956 Alianorae
1212 2914 1386 2970 reginae
1416 2913 1621 2955 consortis
1651 2928 1753 2955 suae
1782 2914 1909 2955 certis
1931 2932 1968 2961 35

367 2985 567 3027 maneriis
589 2985 736 3027 abbati
758 2984 977 3040 praedicto
998 2983 1129 3040 priori
1151 2989 1195 3025 et
1217 2983 1449 3025 conventui
1470 2982 1584 3024 datis
1610 2989 1655 3024 et
1679 2982 1910 3039 assignatis

369 3053 595 3103 ordinavit,
622 3069 719 3095 eum
750 3053 878 3094 certis
904 3052 1104 3094 oneribus
1131 3052 1336 3093 faciendis
1365 3058 1409 3093 et
1437 3051 1741 3107 supportandis
1770 3051 1815 3093 in
1843 3051 1911 3092 die

369 3123 650 3165 anniversarii
670 3122 879 3179 praedicti
902 3128 946 3163 et
968 3121 1063 3162 aliis
1085 3121 1187 3163 anni
1210 3121 1490 3177 temporibus,
1516 3126 1565 3162 ut
1593 3120 1763 3176 plenius
1791 3126 1914 3176 patet

452 3280 470 3309 2
495 3288 560 3318 que
577 3277 618 3309 W
635 3278 692 3318 Sp.
880 3279 919 3310 19
945 3276 1155 3316 martilogio]
1174 3275 1214 3314 d;
1241 3274 1441 3315 martilagio
1460 3275 1517 3316 Sp.
1533 3287 1542 3314 ς
1568 3273 1753 3314 martilago
1771 3274 1822 3306 W.
