2385 3891
483 427 575 473 116
781 422 964 472 Flete's
1000 420 1224 484 History
1262 419 1328 484 of
1366 418 1715 468 Westminster

479 561 652 587 assensu
676 551 719 586 et
742 545 965 585 voluntate
988 542 1122 584 totius
1144 548 1381 583 conventus
1403 541 1468 583 sui
1492 541 1648 583 statuit
1670 547 1714 583 et
1737 540 1952 582 ordinavit
1973 539 2017 581 in

480 616 606 672 pleno
642 614 841 670 capitulo,
877 612 990 668 quod
1027 617 1140 653 terra
1176 611 1228 653 de
1266 611 1502 660 Kelveden‚
1538 626 1646 666 quae
1684 610 1767 652 fuit
1803 609 2017 666 quondam

481 683 642 726 domini
680 682 883 723 Willelmi
920 681 972 722 de
1006 681 1218 737 Bonquor,
1252 695 1381 737 quam
1415 680 1528 721 idem
1563 680 1696 721 abbas
1732 679 1784 721 de
1821 678 2020 719 manibus

484 752 643 794 Hervei
695 752 747 792 de
800 751 986 792 Becham
1039 750 1292 799 redemerat,
1342 749 1529 806 portioni
1579 748 1733 790 celario
1785 752 2021 789 conventus

483 821 724 877 assignatae
756 820 956 862 addatur:
989 826 1033 861 et
1064 820 1177 876 quod
1213 820 1266 861 de
1302 819 1418 860 dicta
1454 825 1568 860 terra
1604 824 1648 860 et
1685 817 1744 858 xii
1780 816 1933 858 marcis
1969 815 2021 857 de
2043 834 2059 864 5

484 889 645 932 Combe
668 895 764 944 post
789 895 968 930 mortem
991 888 1162 930 abbatis
1182 888 1392 944 praedicti
1415 888 1508 944 ejus
1529 886 2022 941 anniversarium‚pr0ut

485 958 612 1000 moris
649 964 714 999 est
750 973 825 1014 pro
858 958 954 999 aliis
990 958 1221 999 abbatibus
1258 957 1642 1006 Westmonasterii,
1679 955 1859 1011 singulis
1900 954 2023 995 annis

485 1028 732 1070 solemniter
772 1028 1021 1069 celebretur.
1082 1028 1127 1068 in
1169 1042 1350 1083 quorum
1393 1026 1689 1068 testimonium
1731 1025 1831 1067 huic
1866 1024 2024 1080 scripto

486 1102 780 1153 apposuerunt
825 1111 903 1138 sua
950 1096 1103 1152 sigilla,
1144 1096 1189 1137 in
1234 1095 1425 1137 nitentes
1470 1095 1514 1135 in
1555 1093 1817 1135 contrarium
1858 1107 2021 1133 excom-

489 1166 792 1208 municationis
821 1165 1039 1207 sententia
1064 1165 1347 1221 promulgata.
1398 1170 1494 1205 acta
1520 1163 1564 1204 in
1590 1163 1715 1219 pleno
1741 1162 1930 1218 capitulo
1956 1161 2025 1202 die
2050 1185 2087 1206 ιο

488 1242 531 1278 et
563 1251 674 1277 anno
706 1235 973 1291 supradictis.

575 1305 844 1360 Temporalia
864 1310 1012 1346 autem
1034 1304 1234 1345 abbatiae
1256 1309 1352 1360 post
1375 1309 1556 1345 mortem
1579 1302 1684 1344 dicti
1704 1301 1876 1343 Ricardi
1890 1315 2028 1357 nuper

488 1375 657 1416 abbatis
678 1375 877 1416 dominus
899 1390 972 1416 rex
994 1374 1208 1416 commisit
1230 1375 1456 1416 Malcohno
1477 1373 1529 1415 de
1557 1373 1729 1429 Harley,
1746 1373 1809 1414 ita
1830 1371 1942 1428 quod
1966 1387 2027 1412 re-

489 1445 719 1501 sponderet
736 1444 908 1486 domino
925 1444 1015 1500 regi
1041 1444 1094 1486 de
1116 1444 1316 1486 exitibus.
1359 1450 1402 1485 et
1425 1443 1592 1485 vacavit
1614 1443 1790 1484 abbatia
1809 1442 1864 1483 ab
1880 1447 2028 1483 octavo

489 1514 558 1556 die
581 1514 831 1556 Decembris
852 1529 963 1555 anno
984 1513 1106 1570 regni
1127 1514 1239 1570 regis
1262 1514 1459 1555 Edwardi
1481 1513 1609 1569 primi
1631 1512 1720 1561 xii0,
1742 1527 1826 1568 quo
1847 1511 1917 1553 die
1938 1511 2029 1566 ipse
2054 1530 2089 1560 15

491 1584 622 1625 abbas
644 1584 761 1633 obiit,
786 1598 920 1639 usque
942 1583 987 1624 in
1009 1583 1260 1625 vicesimum
1278 1583 1392 1625 diem
1415 1583 1443 1625 J
1447 1583 1538 1624 unii
1555 1582 1748 1639 proxime
1765 1586 2031 1637 sequentem,

491 1659 722 1708 antequam
765 1652 966 1694 liberaret
1009 1653 1262 1709 temporalia
1309 1653 1530 1709 praedicta
1578 1652 1698 1693 fratri
1742 1651 1933 1692 Waltero
1979 1649 2031 1691 de

494 1723 688 1772 Wenlok,
725 1722 770 1763 in
807 1722 1009 1763 abbatem
1051 1722 1244 1778 ejusdem
1286 1722 1365 1763 loci
1408 1723 1543 1763 electo
1585 1728 1628 1763 et
1670 1726 1937 1770 consecrato;
1982 1726 2032 1761 ut

491 1792 661 1849 plenius
689 1798 812 1848 patet
839 1791 1047 1848 praedicti
1079 1791 1124 1832 in
1153 1797 1348 1848 compoto
1378 1791 1593 1833 Malcolmi
1619 1791 1672 1832 de
1702 1790 1890 1832 exitibus
1922 1795 2030 1831 tem-

492 1862 703 1918 poralium
725 1862 925 1903 abbatiae
947 1861 1202 1918 praedictae,
1224 1861 1424 1903 videlicet
1447 1861 1492 1902 in
1513 1861 1652 1903 rotulo
1670 1875 1825 1916 magno
1847 1860 1899 1901 de
1921 1875 2032 1901 anno
2054 1880 2095 1902 20

493 1931 571 1972 xii⁰
592 1931 704 1987 regis
727 1931 923 1973 Edwardi
946 1931 1085 1987 primi,
1107 1931 1247 1973 rotulo
1269 1937 1574 1987 compotorum.

209 2013 338 2044 Walter
582 2001 647 2042 De
672 2000 861 2042 Waltero
883 2000 935 2041 de
963 2000 1145 2041 Wenlok
1171 2000 1339 2042 abbate.

210 2056 387 2131 ἒζῐῗὲὲῧζί
398 2099 476 2130 Dec.
584 2070 802 2111 Walterus
831 2069 1012 2111 Wenlok
1042 2076 1137 2126 post
1168 2082 1347 2111 mortem
1374 2070 1582 2126 praedicti
1613 2069 1784 2111 Ricardi
1816 2069 1860 2110 in
1889 2068 2037 2125 vigilia

212 2144 335 2184 (1283).
497 2138 829 2180 circumcisionis
850 2139 1012 2180 domini
1033 2154 1110 2195 per
1131 2139 1242 2180 viam
1273 2139 1563 2195 compromissi
1593 2139 1637 2180 in
1666 2139 1868 2180 abbatem
1898 2138 2035 2179 West-

212 2217 265 2247 He
282 2218 340 2246 too
357 2225 425 2245 was
498 2207 746 2249 monasterii
780 2207 941 2248 electus
977 2214 1053 2249 est.
1115 2207 1183 2248 hic
1219 2213 1366 2249 autem
1400 2207 1654 2249 venerabilis
1684 2213 1809 2264 pater
1838 2206 2038 2248 similiter
2058 2227 2097 2257 25

212 2260 406 2290 Treasurer.
499 2277 611 2333 regis
632 2276 924 2318 thesaurarius
950 2282 1051 2318 erat.
1113 2277 1187 2332 qui
1215 2277 1471 2333 perquisivit
1499 2278 1551 2318 de
1583 2277 1797 2319 Willelmo
1826 2275 2037 2317 Deurford

499 2346 638 2388 milite
690 2346 880 2387 maneria
930 2346 981 2387 de
1033 2347 1304 2388 Deurhurste
1347 2353 1391 2388 et
1440 2347 1698 2388 Hardewike
1743 2346 1787 2387 in
1829 2345 2037 2387 comitatu

500 2414 802 2464 Gloucestriae,
833 2430 930 2456 cum
963 2415 1211 2457 hamelettis
1236 2416 1288 2457 de
1321 2416 1530 2465 Waleton‚
1559 2416 1787 2472 Apperley,
1817 2414 2039 2463 Whitfeld,

500 2484 722 2540 Trynleye‚
759 2483 863 2526 Cors
895 2490 938 2525 et
971 2484 1208 2540 Hamigge,
1239 2490 1283 2526 et
1314 2491 1512 2541 quartam
1544 2491 1710 2540 partem
1744 2483 1956 2526 hundredi
1987 2483 2040 2524 de

501 2553 757 2595 Durherste:
789 2568 898 2608 quae
921 2553 1094 2608 quidem
1118 2553 1308 2594 maneria
1339 2560 1383 2595 et
1412 2554 1649 2595 hameletta
1676 2553 1767 2609 ipse
1798 2553 2039 2594 Willelmus
2061 2576 2101 2606 30

503 2629 546 2664 et
568 2628 855 2664 antecessores
876 2622 1011 2678 ipsius
1033 2628 1269 2665 tenuerunt
1298 2624 1349 2665 de
1379 2624 1555 2665 ecclesia
1585 2622 1956 2665 Westmonasterii
1986 2622 2041 2664 ad

504 2691 614 2733 feodi
636 2692 815 2742 firmam,
836 2692 1051 2733 reddendo
1072 2708 1149 2749 per
1173 2708 1334 2734 annum
1363 2693 1510 2734 abbati
1542 2692 1913 2734 westmonasterii
1941 2691 2041 2733 xxiv

504 2759 633 2801 libras
669 2760 802 2801 annui
839 2760 1045 2810 redditus,
1081 2776 1106 2802 a
1142 2767 1334 2816 tempore
1372 2761 1565 2803 Gervasii
1606 2754 1787 2809 abbatis,
1823 2767 1873 2802 ut
1914 2776 2043 2817 supra

221 2841 271 2871 Cf.
289 2851 319 2880 p.
337 2842 389 2879 89,
505 2829 693 2885 capitulo
718 2829 822 2884 [....]
883 2845 930 2870 ac
960 2829 1092 2870 etiam
1117 2830 1372 2886 perquisivit
1401 2830 1443 2871 in
1472 2831 1573 2871 villa
1600 2830 1972 2871 Westmonasterii
1998 2830 2042 2871 in

219 2884 240 2916 ¹·
263 2886 314 2915 3⁰·
507 2897 597 2938 vico
619 2897 736 2953 regio
753 2904 889 2939 certos
911 2898 1056 2939 domos
1079 2898 1122 2939 in
1141 2899 1345 2940 nundinis
1360 2899 1732 2940 VVestmonasterii
1754 2899 1806 2940 de
1821 2899 2043 2955 Stephano
2063 2912 2102 2942 35

507 2966 751 3016 Cornhulle‚
772 2982 881 3022 quae
904 2967 1027 3008 modo
1049 2974 1151 3010 sunt
1172 2968 1216 3009 in
1240 2969 1437 3010 manibus
1458 2968 1670 3017 sacristae,
1692 2975 1736 3010 et
1758 2969 1902 3010 valent
1931 2969 2045 3010 ultra

507 3032 711 3088 reprisam
744 3034 1044 3076 communibus
1071 3035 1194 3077 annis
1223 3035 1309 3076 lxvi
1338 3035 1492 3077 solidos
1522 3035 1596 3077 viii
1625 3036 1821 3078 denarios
1847 3042 1890 3078 et
1919 3036 2044 3078 ultra.

573 3159 592 3188 4
617 3158 770 3198 porcioni
795 3159 916 3191 celerio
940 3160 985 3199 d;
1016 3160 1212 3200 porcionem
1238 3161 1364 3193 celario
1387 3161 1540 3192 celerarii
1564 3161 1606 3192 W
1620 3173 1628 3199 ;
1657 3161 1783 3192 celario
1809 3161 1961 3193 celerarii
1987 3162 2044 3203 Sp.

509 3211 527 3242 7
551 3209 588 3240 in
605 3209 735 3240 Westffi
754 3209 784 3242 d.
894 3211 934 3242 10
958 3211 1160 3251 provulgata
1177 3211 1199 3243 d
1215 3212 1271 3252 Sp.
1367 3213 1407 3243 13
1430 3212 1625 3253 Malcolyno
1637 3213 1690 3245 W.
1784 3214 1825 3247 19
1849 3217 1969 3255 compo
1983 3214 2045 3254 W;

508 3261 760 3301 composicione
779 3262 835 3301 Sp.
972 3262 1149 3294 Malcolini
1167 3263 1219 3295 W.
