2385 3891
198 566 270 597 The
287 566 443 597 Custom-

199 619 268 649 ary.

201 1185 386 1216 Treasurer
403 1185 439 1215 of

201 1228 373 1267 England.

485 435 579 480 114
784 430 966 479 Flete's
1002 429 1226 491 History
1263 427 1329 491 of
1365 427 1714 476 Wesmzinster

570 554 747 595 Librum
770 567 938 608 quoque
961 550 1413 601 Consuetudinarium‚
1436 550 1479 591 in
1506 550 1549 591 iv
1576 554 1720 605 partes
1747 548 1945 605 divisum,
1974 552 2018 588 ct

483 623 536 664 ad
558 636 826 664 communem
849 620 1041 661 omnium
1064 619 1303 661 utilitatem
1324 618 1587 674 permaxime
1609 616 1906 665 necessarium,
1928 622 2018 657 tam

482 707 557 748 pro
579 691 723 732 divino
745 690 879 731 officio
901 705 1029 745 quam
1053 688 1182 730 etiam
1206 703 1282 744 pro
1303 687 1482 729 diversis
1504 687 1633 742 hujus
1654 685 1901 727 monasterii
1923 700 2018 726 con-

483 759 797 808 suetudinibus,
819 774 870 800 ex
888 759 1024 800 totius
1046 764 1281 799 conventus
1297 772 1472 799 assensu
1490 756 1582 798 fieri
1599 755 1836 797 mandavit:
1868 770 1916 796 30
1933 760 2020 796 tres

483 836 626 886 partes
662 828 855 884 ejusdem
892 828 936 869 in
978 843 1063 869 uno
1096 827 1312 869 volumine
1349 826 1394 867 in
1431 825 1625 868 custodia
1655 824 1944 881 praecentoris
1977 829 2020 865 et

483 898 742 941 succentoris
773 913 993 940 remanere
1024 897 1225 947 decrevit,
1258 901 1454 953 quartam
1487 902 1635 937 autem
1666 900 1833 951 partem
1862 893 2021 935 ordinis

483 969 563 1010 sub
604 969 853 1010 custodibus
894 968 1042 1024 reponi
1083 967 1308 1009 ordinavit.
1369 973 1413 1008 et
1455 966 1589 1008 felicis
1626 965 1855 1006 memoriae
1891 964 2022 1005 frater

486 1039 727 1080 Willelmus
759 1039 946 1094 Haseley
978 1038 1023 1079 in
1051 1038 1130 1079 hoc
1161 1052 1287 1094 opere
1318 1037 1547 1093 praecipue
1579 1035 1775 1077 laborans
1806 1034 1857 1075 ad
1890 1034 2020 1075 finem

484 1109 679 1150 debitum
712 1107 925 1164 perduxit.

570 1178 660 1218 Iste
682 1176 856 1232 quidem
879 1176 943 1217 vir
964 1176 1134 1232 sapiens
1155 1182 1200 1217 et
1220 1175 1430 1217 discretus
1453 1175 1589 1215 factus
1612 1179 1677 1215 est
1697 1172 1809 1228 regis
1831 1178 1875 1213 et
1900 1170 2021 1227 regni

485 1246 789 1296 thesaurarius,
807 1252 850 1288 et
868 1245 1068 1287 similiter
1081 1245 1276 1302 specialis
1291 1245 1482 1301 ejusdem
1501 1243 1613 1299 regis
1631 1241 1907 1284 consiliarius.
1948 1239 2022 1296 qui

485 1317 704 1358 ecclesiam
728 1332 849 1358 suam
875 1317 927 1357 de
954 1316 1166 1358 sexcentis
1192 1315 1346 1357 marcis
1375 1313 1635 1363 exoneravit,
1664 1313 1709 1353 in
1736 1311 1893 1367 quibus
1918 1310 2022 1351 obli-

484 1393 587 1443 gata
608 1388 746 1428 fuerat
768 1386 946 1428 diversis
969 1385 1277 1427 mercatoribus
1299 1399 1373 1441 pro
1396 1383 1580 1439 negotiis
1602 1381 1811 1439 praedicti
1834 1380 2024 1436 Philippi

485 1456 654 1498 abbatis
694 1455 1064 1497 Westmonasterii
1101 1454 1227 1496 electi
1268 1453 1550 1509 exsequendis
1587 1452 1631 1493 in
1665 1451 1783 1493 curia
1819 1451 2023 1498 Romana,

486 1552 595 1575 orum.
646 1541 776 1573 Christi
801 1541 941 1572 milleno
964 1543 1046 1574 etc.:
1072 1550 1165 1572 anno
1187 1539 1320 1571 domini
1342 1538 1529 1570 millesimo
1551 1536 1788 1568 ducentesimo
1814 1534 2025 1574 sexagesimo

487 1597 617 1625 octavo.
668 1603 745 1625 rex:
779 1593 952 1624 Henricus
979 1592 1113 1624 tertiuS.
1161 1592 1260 1623 urbs:
1294 1591 1415 1621 Roma.
1463 1589 1652 1621 Odoricus:
1687 1597 1730 1619 50.
1758 1585 2023 1618 caementarius.

487 1646 610 1677 abbas:
646 1655 691 1676 sc.
720 1645 889 1676 Ricardus
916 1645 956 1676 de
983 1645 1095 1676 Ware.
1143 1653 1363 1684 compegere:
1400 1652 1443 1674 sc.
1477 1643 1756 1681 composuerunt.
1802 1640 1865 1670 hos
1896 1638 2027 1679 lapides

486 1696 761 1738 porphyriticos:
794 1696 828 1727 id
852 1699 915 1735 est,
943 1696 1069 1728 diversi
1093 1697 1218 1727 coloris
1241 1696 1278 1726 in
1303 1695 1500 1736 pavimento
1526 1693 1735 1734 supradicto.

553 1750 756 1781 Intellectus
772 1749 865 1780 illius
882 1759 1000 1780 versus
1016 1749 1052 1780 in
1070 1748 1183 1780 medio
1201 1747 1283 1779 dicti
1301 1747 1489 1788 pavimenti
1507 1757 1566 1786 per
1583 1746 1764 1777 circuitum
1782 1746 1886 1776 unius
1902 1744 2028 1784 lapidis

487 1802 641 1840 rotundi,
672 1802 730 1842 qui
763 1802 810 1833 sic
842 1801 987 1842 incipit:
1026 1801 1212 1842 Sphericus
1242 1803 1305 1832 etc.
1357 1799 1533 1840 sphericus
1565 1799 1706 1839 globus:
1743 1798 1812 1829 sive
1843 1797 1932 1837 lapis
1963 1796 2027 1828 iste

489 1854 657 1886 rotundus
683 1854 814 1886 habens
838 1855 874 1885 in
900 1865 934 1886 se
960 1855 1090 1886 colores
1113 1856 1277 1894 quattuor
1306 1852 1553 1884 elementorum
1582 1851 1687 1892 hujus
1714 1850 1847 1888 mundi,
1872 1849 2027 1881 videlicet

488 1908 578 1949 ignis
595 1908 684 1940 aeris
700 1918 809 1947 aquae
825 1910 858 1939 et
875 1910 994 1940 terrae.
1044 1908 1219 1938 monstrat
1235 1920 1241 1938 :
1265 1906 1320 1938 i.e.
1339 1905 1489 1936 declarat
1508 1905 1544 1935 in
1561 1915 1607 1935 se.
1650 1912 1945 1935 macrocosmum:
1971 1901 2027 1934 i.e.

489 1961 655 2001 majorem
673 1960 855 1992 mundum.
903 1959 1152 2000 archetypum:
1178 1959 1232 1990 i.e.
1254 1958 1474 1997 figurativum
1499 1957 1734 1997 principalem.
1782 1955 2028 1987 microcosmus

489 2013 582 2044 enim
603 2012 729 2043 dicitur
751 2011 865 2042 minor
888 2011 1052 2051 mundus,
1077 2021 1124 2042 50.
1147 2010 1273 2049 1101110;
1303 2019 1559 2041 macrocosmus
1583 2008 1710 2040 dicitur
1732 2008 1843 2047 major
1866 2006 2028 2044 mundus,

489 2067 554 2097 iste
570 2064 727 2096 videlicet
743 2064 779 2096 in
796 2075 864 2104 quo
880 2074 943 2095 nos
959 2064 1172 2095 habitamus.

554 2117 755 2148 Intellectus
786 2118 901 2147 autem
929 2116 1079 2156 quinque
1107 2125 1268 2147 versuum
1300 2114 1336 2146 in
1366 2114 1614 2154 quadrangulis
1643 2113 1722 2144 talis
1750 2115 1812 2144 est.
1860 2112 1896 2144 Si
1924 2112 2030 2143 lector

490 2169 603 2209 posita
625 2171 710 2200 etc:
736 2168 784 2199 sic
807 2170 890 2199 nota
914 2167 1005 2208 quod
1025 2167 1176 2208 primum
1199 2167 1326 2198 mobile
1351 2166 1476 2198 (licitur
1498 2166 1633 2206 proprie
1656 2165 1808 2197 mundus
1832 2164 1908 2203 iste,
1932 2163 2030 2204 cujus

491 2225 640 2254 aetatem
672 2221 741 2253 sive
769 2222 872 2252 finem
903 2220 1048 2260 scriptor
1074 2230 1115 2251 ex
1143 2219 1294 2259 quadam
1321 2219 1572 2257 imaginatione
1599 2228 1662 2249 sua
1688 2227 1748 2257 per
1779 2217 2030 2249 incrementum

492 2273 627 2305 numeri
656 2272 821 2312 triplicati
847 2271 930 2302 dicit
958 2271 1223 2307 aestimandum,
1249 2270 1320 2302 sic:
1354 2271 1458 2310 Sepes
1486 2269 1599 2300 trina:
1632 2268 1686 2299 i.e.
1714 2268 1819 2300 trium
1847 2278 2029 2299 annorum.

493 2335 589 2366 sepes
604 2338 610 2357 :
635 2325 701 2356 hoc
717 2327 768 2355 est
786 2334 881 2364 sepes
899 2323 1001 2354 semel
1019 2323 1110 2354 facta
1128 2322 1328 2362 perdurabit
1346 2322 1389 2354 ad
1407 2325 1477 2353 tres
1494 2331 1618 2352 annos.
1664 2320 1760 2352 canis
1776 2320 1974 2361 perdurabit
1989 2320 2032 2351 ad

492 2381 561 2410 tres
578 2388 684 2418 sepeS‚
701 2377 755 2409 i.e.
774 2376 816 2407 ad
832 2376 867 2408 ix
884 2386 1004 2408 annos,
1048 2386 1156 2414 equus
1172 2375 1372 2416 perdurabit
1389 2375 1431 2406 ad
1448 2378 1517 2406 tres
1535 2383 1648 2411 canes,
1662 2373 1717 2405 i.e.
1731 2383 1790 2413 per
1802 2373 1895 2404 xxvii
1907 2382 2030 2404 annos.

493 2431 597 2462 homo
616 2429 815 2471 perdurabit
837 2429 879 2460 ad
897 2431 965 2460 tres
985 2438 1101 2468 equos,
1120 2428 1175 2459 i.e.
1193 2438 1252 2468 per
1269 2427 1363 2458 lxxxi
1380 2437 1499 2458 annos.
1550 2436 1668 2457 cervus
1683 2424 1881 2465 perdurabit
1903 2424 1946 2456 ad
1963 2427 2032 2455 tres

494 2482 664 2520 homines,
680 2481 732 2512 i.e.
751 2491 812 2521 per
828 2480 939 2511 ccxliii
957 2490 1079 2511 annos.
1119 2489 1240 2510 corvus
1254 2478 1453 2519 perdurabit
1470 2477 1512 2509 ad
1527 2479 1594 2508 tres
1610 2487 1737 2513 cervos,
1752 2476 1806 2508 i.e.
1820 2486 1878 2516 per
1890 2475 2032 2507 dccxxix

495 2545 615 2566 annos.
659 2534 774 2574 aquila
787 2533 987 2574 perdurabit
1003 2532 1046 2564 ad
1060 2534 1130 2564 tres
1145 2542 1273 2568 corVOS‚
1289 2531 1342 2562 i.e.
1356 2541 1415 2571 per
1428 2530 1477 2561 iim
1491 2529 1639 2561 clxxxvii
1653 2539 1773 2561 annos.
1816 2530 1888 2559 cete
1905 2527 2033 2568 grande

494 2585 692 2627 perdurabit
713 2585 755 2616 ad
772 2588 841 2616 tres
864 2584 1009 2624 aquilas,
1031 2584 1086 2616 i.e.
1107 2593 1168 2623 per
1185 2583 1243 2614 vim
1260 2583 1330 2614 dlxi
1348 2592 1470 2614 annOS.
1516 2581 1668 2612 mundus
1684 2579 1884 2621 perdurabit
1907 2579 1950 2611 ad
1966 2579 2033 2610 tria

494 2640 566 2669 cete
587 2637 743 2677 grandia,
762 2636 816 2668 i.e.
834 2646 895 2677 per
917 2636 1000 2666 xixnn
1018 2635 1179 2667 dclxxxiii
1201 2645 1324 2666 annos.
1371 2637 1404 2665 et
1429 2634 1478 2665 ita
1502 2634 1543 2664 ab
1566 2633 1696 2672 origine
1718 2632 1840 2663 mundi
1862 2641 1969 2671 usque
1991 2631 2034 2662 ad

496 2691 601 2722 finem
619 2689 772 2730 ejusdem
791 2688 978 2720 secundum
996 2687 1281 2728 imaginationem
1299 2687 1401 2718 istius
1419 2685 1595 2725 scriptoris
1612 2686 1713 2717 erunt
1728 2684 1765 2715 in
1783 2686 1855 2716 toto
1868 2682 2035 2724 praedicti

495 2742 590 2774 anni.

562 2794 741 2834 Scriptura
757 2803 919 2824 versuum
937 2792 973 2823 in
990 2792 1099 2824 literis
1115 2792 1259 2833 lapideis
1280 2793 1312 2823 et
1332 2790 1503 2822 deauratis
1519 2800 1578 2830 per
1594 2788 1776 2821 circuitum
1793 2787 1907 2820 feretri
1923 2786 2035 2819 sancti

455 2845 459 2847 ’
497 2846 658 2879 Edwardi
676 2856 830 2877 seorsum
847 2846 927 2877 talis
943 2848 1014 2876 est:

758 2909 858 2939 Anno
882 2908 1025 2939 milleno
1049 2906 1180 2938 domini
1204 2916 1281 2937 cum
1307 2909 1515 2945 septuageno

759 2962 793 2990 et
817 2959 868 2990 bis
892 2961 1036 2990 centeno
1060 2968 1139 2990 cum
1163 2958 1334 2998 completo
1358 2956 1456 2996 quasi
1479 2955 1578 2991 deno,

759 3010 824 3042 hoc
848 3020 933 3050 opus
957 3014 1008 3042 est
1032 3011 1162 3042 factum
1186 3009 1277 3049 quod
1301 3009 1422 3040 Petrus
1446 3007 1542 3039 duxit
1566 3007 1601 3038 in
1626 3009 1753 3043 actum,

760 3063 938 3094 Romanus
962 3063 1057 3094 civis.
1103 3062 1220 3099 homo,
1245 3071 1383 3093 causam
1409 3070 1548 3092 noscere
1573 3059 1601 3090 si
1625 3059 1688 3096 vis,

759 3125 817 3146 rex
840 3114 905 3146 fuit
929 3114 1113 3152 Henricus,
1139 3113 1250 3145 sancti
1274 3112 1443 3153 presentis
1467 3111 1612 3143 amicus.

501 3181 519 3210 8
544 3188 603 3209 om.
622 3177 657 3208 in
674 3176 738 3207 hoc
755 3185 855 3215 opere
871 3175 1051 3216 praecipue
1069 3175 1232 3207 laborans
1251 3174 1308 3215 Sp.
1452 3175 1471 3207 9
1496 3172 1778 3213 perduxitJ÷sub
1796 3182 1888 3204 anno
1906 3171 2037 3204 domini

499 3230 683 3262 millesimo
699 3228 833 3260 cclxvito
850 3232 883 3259 et
897 3228 993 3268 regni
1010 3228 1099 3267 regis
1115 3226 1259 3259 Henrici
1280 3226 1375 3259 tertii
1397 3236 1490 3258 anno
1507 3227 1578 3266 [...]
1597 3226 1654 3266 Sp.
1677 3225 1752 3267 (but
1768 3225 1811 3257 cf.
1830 3224 2038 3265 customary

500 3293 531 3323 p.
553 3282 611 3323 vi).
746 3282 783 3311 11
809 3290 869 3311 om.
888 3282 920 3312 et
937 3280 989 3312 W.

2046 1184 2084 1205 10
