2385 3891
114 1658 182 1693 †25
193 1658 381 1692 Dee.1307.

117 1870 170 1902 Cf.
186 1871 276 1902 Flor.

117 1915 208 1946 Hist.
226 1924 268 1946 111
286 1915 356 1946 140.

113 2413 239 2445 Buried
256 2413 358 2445 south

115 2457 150 2488 of
165 2456 224 2488 the
239 2457 323 2497 high

113 2500 213 2532 altar.

114 2945 180 2976 His
195 2945 293 2978 anni-

114 2998 262 3029 versary.

938 417 1130 466 Walter
1176 417 1235 465 W
1235 418 1411 467 enlock
1849 424 1867 467 1
1879 423 1901 468 1
1910 424 1938 467 9

402 539 515 594 quod
546 540 600 581 ad
632 541 899 582 voluntatem
934 548 1116 583 vestram
1149 543 1201 583 de
1233 543 1381 584 eodem
1416 543 1656 584 remanenti
1693 543 1941 599 disponetis,

403 608 515 650 idem
548 625 771 652 remanens
802 612 1177 668 proportionaliter
1205 613 1318 655 inter
1347 629 1418 655 vos
1448 613 1678 655 dividendo
1709 628 1783 655 seu
1816 613 1942 654 aliter

401 678 667 734 assignando.
729 687 773 722 et
810 696 862 722 ne
893 687 1041 722 contra
1074 697 1144 723 vos
1175 697 1303 738 super
1339 683 1614 738 proprietatis
1651 682 1832 724 materia
1862 682 1939 723 hac

401 748 617 790 occasione
639 750 774 805 possit
795 750 970 799 causari,
992 766 1067 806 pro
1095 751 1216 792 nobis
1245 759 1290 793 et
1319 752 1630 793 successoribus
1656 752 1822 802 nostris,
1849 758 1938 793 tam

401 832 530 873 super
550 819 789 860 remanenti
811 820 987 875 proficui
1010 820 1113 861 dicti
1138 821 1315 862 manerii
1338 822 1390 863 de
1409 822 1639 870 Durhurst,
1655 837 1784 877 quam
1807 821 1938 863 etiam
1962 839 1977 869 5

401 901 530 942 super
570 888 739 929 residuo
780 889 1097 930 distributionis
1138 890 1310 946 reginae
1351 891 1607 947 praedictae,
1644 898 1859 947 qua-tenus
1895 891 1939 932 in

402 956 523 997 nobis
564 964 640 1006 est,
679 958 895 999 vobiscum
932 958 1239 1014 dispensamus.
1301 961 1344 1001 in
1381 961 1503 1016 cujus
1540 960 1597 1002 rei
1642 960 1938 1002 testimonium

401 1024 589 1080 sigillum
628 1041 852 1068 commune
889 1027 1067 1082 capituli
1104 1029 1237 1069 nostri
1275 1044 1327 1070 ex
1365 1029 1557 1070 unanimi
1595 1044 1768 1071 assensu
1806 1029 1940 1071 totius

401 1101 636 1136 conventus
668 1096 802 1137 nostri
830 1111 915 1137 una
945 1112 1042 1138 cum
1074 1097 1213 1153 sigillo
1245 1104 1388 1140 nostro
1419 1099 1577 1155 apponi
1609 1099 1940 1154 procuravimus.

401 1164 503 1205 data
524 1165 638 1221 apud
662 1166 1093 1208 Westmonasterium
1117 1167 1239 1208 xviii⁰
1267 1168 1335 1209 die
1366 1168 1523 1210 mensis
1552 1169 1801 1210 Decembris
1829 1184 1940 1210 anno
1964 1185 2002 1207 10

402 1233 563 1274 domini
586 1233 812 1276 millesimo
834 1235 992 1276 cccvii0.

490 1303 740 1346 Conventus
756 1311 903 1346 autem
917 1320 1137 1361 nunquam
1158 1306 1240 1347 fuit
1257 1306 1430 1348 seisitus
1446 1307 1499 1348 de
1515 1307 1734 1363 praedicto
1752 1307 1942 1348 manerio

402 1372 454 1414 de
487 1373 706 1414 Durhurst
737 1373 781 1414 in
812 1373 900 1415 vita
926 1374 1133 1429 praedicti
1159 1375 1340 1425 abbatis,
1366 1391 1444 1417 nec
1473 1376 1604 1417 etiam
1634 1382 1731 1432 post
1759 1382 1940 1418 mortem

402 1443 517 1497 ejus3
548 1448 592 1483 et
614 1442 709 1483 ideo
730 1443 909 1484 abbates
931 1443 1071 1484 eidem
1098 1444 1375 1486 succedentes
1406 1446 1645 1487 manerium
1674 1446 1941 1502 praedictum

402 1512 446 1552 in
491 1512 690 1553 manibus
731 1512 818 1553 suis
859 1513 1121 1564 custodiunt,
1162 1515 1381 1570 praedicto
1422 1516 1652 1558 conventui
1694 1516 1801 1557 nihil
1843 1517 1942 1558 inde
1966 1533 2001 1564 15

402 1581 627 1624 reddendo.

490 1651 721 1706 Postquam
767 1659 913 1694 autem
959 1653 1059 1694 xxiv
1107 1654 1231 1695 annis
1272 1655 1414 1696 minus
1455 1670 1529 1696 sex
1569 1655 1721 1697 diebus
1763 1655 1944 1697 feliciter

401 1721 695 1776 gubernasset,
717 1722 920 1778 migravit
946 1739 970 1764 a
992 1724 1159 1765 saeculo
1186 1739 1284 1766 cum
1311 1724 1484 1767 Christo
1514 1725 1706 1767 victurus
1736 1725 1779 1766 in
1805 1731 1941 1766 aeter-

402 1805 518 1832 num.
580 1791 693 1832 unde
715 1792 918 1833 scribitur
938 1792 983 1833 in
1004 1793 1112 1834 libro
1134 1794 1208 1849 qui
1230 1793 1390 1835 dicitur
1412 1795 1556 1836 Flores
1578 1794 1877 1836 historiarum:

490 1860 691 1902 Altitudo
725 1862 919 1903 caelestis
955 1862 1119 1903 consilii
1157 1869 1312 1905 cuncta
1343 1863 1584 1919 disponens,
1612 1864 1831 1919 risumque
1864 1863 1933 1904 ali·
1962 1880 2003 1902 20

401 1930 571 1985 quando
594 1931 774 1972 miscens
796 1947 892 1973 cum
914 1932 1069 1981 dolore,
1092 1933 1309 1974 monachis
1338 1933 1539 1974 ecclesiae
1570 1933 1941 1974 Westmonasterii

402 1999 575 2040 calicem
597 2000 899 2041 amaritudinis
915 2000 1171 2056 propinavit,
1188 2001 1242 2042 ab
1257 2002 1335 2043 hac
1352 2002 1445 2043 luce
1459 2002 1750 2043 subtrahendo
1770 2017 1940 2043 venera-

402 2068 533 2110 bilem
569 2075 736 2125 patrem
775 2070 1015 2111 Walterum
1051 2069 1103 2110 de
1140 2070 1320 2111 Wenlok
1357 2071 1549 2126 ejusdem
1584 2071 1783 2113 ecclesiae
1820 2071 1940 2127 pium

401 2143 628 2193 pastorem,
659 2139 831 2194 regulae
863 2144 907 2179 et
939 2138 1099 2179 ordinis
1130 2139 1266 2180 sancti
1299 2139 1524 2181 Benedicti
1556 2140 1784 2182 zelatorem
1820 2155 1940 2196 prae-

401 2207 589 2263 cipuum,
618 2207 819 2249 ecclesiae
847 2222 949 2249 suae
978 2215 1022 2249 et
1045 2208 1248 2249 fratribus
1270 2209 1505 2250 multorum
1527 2209 1736 2250 bonorum
1759 2209 1938 2265 acquisi-
1962 2225 2001 2256 25

401 2282 537 2318 torem
570 2283 701 2333 atque
738 2277 1006 2333 largitorem:
1048 2278 1121 2334 qui
1154 2284 1255 2319 xxva
1290 2278 1359 2319 die
1397 2279 1658 2329 Decembris,
1690 2280 1768 2320 hoc
1800 2285 1865 2321 est
1897 2279 1940 2320 in

403 2346 543 2387 medio
564 2345 774 2387 secundae
798 2345 950 2387 missae
973 2345 1018 2386 in
1039 2352 1164 2387 nocte
1193 2346 1349 2387 natalis
1377 2345 1553 2395 domini,
1574 2346 1619 2387 in
1648 2347 1837 2388 manerio
1865 2363 1941 2389 suo

401 2415 453 2457 de
469 2416 683 2457 Pireforde
698 2415 898 2471 spiritum
914 2416 1102 2458 reddidit
1118 2415 1314 2457 creatori:
1346 2416 1412 2471 cuj
1420 2431 1469 2457 us
1486 2431 1636 2472 corpus
1650 2417 1702 2457 ad
1721 2417 1939 2458 ecclesiam

404 2484 775 2526 Westmonasterii
798 2485 990 2526 delatum
1013 2485 1144 2540 juxta
1173 2500 1378 2541 magnum
1407 2486 1542 2526 altare
1572 2501 1718 2527 versus
1746 2492 1940 2527 austrum

401 2555 483 2596 sibi
505 2555 761 2610 condignam
782 2554 947 2611 accepit
972 2555 1252 2610 sepulturam.
1314 2555 1417 2596 haec
1438 2555 1611 2606 ibidem,
1639 2571 1751 2597 anno
1779 2555 1939 2597 domini
1962 2571 2004 2601 30

402 2624 629 2666 millesimo
654 2624 813 2674 cccvii⁰‚
835 2631 879 2665 et
905 2624 1017 2681 regis
1044 2624 1242 2666 Edwardi
1271 2625 1447 2666 secundi
1473 2640 1584 2666 anno
1609 2625 1757 2681 primo.
1819 2626 1941 2681 cujus

402 2695 488 2736 tale
520 2700 585 2736 est
617 2694 910 2751 epitaphium:

605 2781 752 2823 Abbas
786 2782 1004 2823 Walterus
1029 2782 1149 2838 jacet
1181 2782 1251 2823 hic
1281 2782 1362 2823 sub
1394 2797 1604 2824 marmore
1638 2788 1804 2824 tectus:

603 2866 689 2893 non
721 2851 804 2893 fuit
834 2858 1043 2902 austerus,
1075 2852 1148 2893 sed
1182 2851 1300 2893 mitis
1332 2852 1490 2893 famine
1521 2858 1675 2894 rectus.

487 2938 842 2979 Anniversarium
864 2954 1033 2995 quoque
1056 2939 1191 2995 ipsius
1212 2946 1309 2995 post
1331 2944 1512 2980 mortem
1537 2939 1729 2995 ejusdem
1756 2938 1800 2979 in
1825 2937 1940 2994 capis
1962 2952 1999 2983 35

401 3008 698 3058 celebrabitur,
721 3014 770 3050 ut
791 3015 914 3064 patet
935 3024 1011 3065 per
1031 3009 1224 3050 chartam
1247 3015 1516 3065 sequentem:

468 3107 484 3137 1
509 3117 570 3138 om.
588 3110 738 3139 vestram
755 3107 798 3139 W
816 3108 872 3147 Sp.
1010 3110 1028 3139 2
1054 3120 1114 3140 om.
1133 3110 1233 3141 aliter
1250 3110 1291 3141 W
1310 3111 1368 3150 Sp.
1512 3110 1552 3141 29
1576 3109 1744 3151 delatum]
1756 3110 1940 3145 ÷secundo

401 3158 455 3190 die
471 3159 629 3190 Januarii
645 3159 696 3192 Fl.
891 3161 931 3191 31
955 3160 1085 3201 primo]
1096 3169 1120 3195 ÷
1132 3162 1355 3202 sepultusque
1371 3164 1423 3193 est
1440 3162 1475 3193 in
1493 3162 1636 3194 ecclesia
1652 3163 1827 3203 praedicta
1844 3173 1940 3194 secus

400 3219 568 3250 magnum
584 3210 693 3242 altare
709 3214 804 3242 extra
816 3211 971 3243 hostium
988 3213 1138 3244 australe
1155 3213 1271 3245 feretri
1289 3214 1399 3246 sancti
1415 3214 1588 3254 Edwardi,
1607 3217 1685 3247 ante
1701 3215 1939 3256 presbiterium

400 3261 539 3301 ibidem,
557 3262 620 3294 sub
636 3262 741 3302 plano
758 3262 956 3302 pavimento
972 3266 1006 3293 et
1022 3263 1135 3304 lapide
1153 3274 1347 3296 marmoreo
1363 3264 1521 3296 decenter
1537 3269 1659 3297 ornato
1678 3266 1736 3306 Sp.
