2385 3891
452 441 547 486 124
752 435 936 485 Flete’s
972 432 1195 495 History
1228 430 1294 494 of
1330 429 1679 479 Westminster

446 562 612 603 tinetur
630 575 638 611 3
670 566 713 601 et
729 575 804 615 pro
821 574 905 615 quo
922 557 1096 613 quidem
1119 555 1305 612 hospitio
1322 554 1411 596 sive
1428 553 1630 604 adventu,
1648 560 1697 595 ut
1714 552 1987 609 praedicitur,

446 647 522 673 nos
558 646 605 672 ac
647 629 989 686 praedecessores
1030 626 1165 668 nostri
1207 626 1355 667 decem
1392 639 1556 665 marcas
1591 623 1897 679 sterlingorum
1934 622 1986 663 de

446 700 664 756 praedicto
706 698 902 740 Gilberto
944 697 982 738 le
1024 697 1142 737 Rous
1183 701 1227 737 et
1270 694 1500 736 heredibus
1545 693 1634 735 suis
1675 691 1900 734 annuatim
1942 691 1987 732 in

448 768 636 810 manerio
673 767 725 808 de
768 766 955 808 Hendon
995 765 1214 822 percipere
1251 764 1515 805 solebamus:
1558 762 1620 803 ita
1653 761 1765 817 quod
1799 776 1875 802 nos
1910 776 1988 801 nec

447 852 706 879 successores
738 836 872 877 nostri
901 835 1080 876 abbates
1103 831 1477 875 Westmonasterii
1503 831 1547 871 in
1573 830 1762 871 adventu
1789 844 1864 870 seu
1894 829 1987 870 hos·
2011 850 2025 879 5

446 907 555 962 pitio
582 920 657 946 seu
686 904 831 946 decem
866 903 1018 945 marcis
1044 917 1120 958 pro
1148 901 1323 950 eisdem,
1352 907 1401 942 ut
1430 899 1704 956 praedicitur,
1726 899 1771 940 in
1802 900 1989 941 manerio

447 977 499 1017 de
523 975 734 1017 Hendone
756 974 977 1030 praedicto
994 972 1200 1029 quicquid
1222 972 1274 1013 de
1297 980 1465 1013 caetero
1487 970 1658 1026 exigere
1675 985 1749 1011 seu
1775 970 1989 1011 vindicare

446 1045 683 1102 poterimus
706 1045 750 1085 in
772 1045 969 1086 futurum
988 1061 995 1085 :
1027 1043 1155 1085 salvis
1176 1042 1299 1083 nobis
1322 1047 1366 1083 et
1387 1040 1700 1082 successoribus
1716 1040 1873 1081 nostris
1895 1040 1990 1082 aliis

446 1115 633 1157 servitiis
659 1115 713 1156 ab
745 1115 893 1156 eodem
927 1113 1117 1155 manerio
1142 1113 1195 1154 de
1226 1111 1437 1153 Hendone
1466 1110 1589 1152 nobis
1617 1110 1787 1160 debitis,
1819 1116 1908 1151 tam
1937 1111 1989 1151 de

448 1184 722 1226 falcatoribus
744 1190 788 1226 et
810 1183 1014 1239 plaustris
1035 1197 1165 1237 quam
1182 1181 1234 1222 de
1252 1180 1456 1222 meremio
1472 1195 1547 1236 pro
1569 1194 1655 1220 una
1676 1179 1789 1235 logia
1810 1179 1990 1235 singulis

447 1254 571 1295 annis
602 1254 656 1294 ad
688 1259 812 1309 prata
845 1250 1218 1293 Westmonasterii
1250 1256 1294 1291 et
1328 1250 1468 1290 wallas
1497 1248 1766 1298 inveniendo,
1787 1254 1915 1303 prout
1946 1247 1991 1288 in

450 1323 599 1365 eodem
636 1323 733 1372 fine,
763 1328 812 1364 ut
848 1321 1157 1378 praemittitur,
1186 1320 1356 1376 plenius
1397 1318 1655 1361 continetur.
1716 1326 1761 1359 et
1796 1332 1871 1374 pro
1914 1317 1992 1358 hac

449 1393 709 1442 remissione,
733 1392 995 1434 relaxatione
1018 1398 1062 1433 et
1087 1391 1236 1446 quieta
1264 1389 1506 1439 clamantia,
1528 1394 1578 1429 ut
1606 1387 1889 1444 praemissum
1916 1392 1992 1436 est,

449 1461 659 1518 praedicti
687 1461 803 1518 prior
831 1467 875 1502 et
901 1466 1138 1502 conventus
1166 1475 1217 1501 ex
1245 1475 1392 1501 eorum
1415 1458 1609 1500 unanimi
1631 1473 1806 1499 assensu
1830 1463 1874 1499 et
1895 1472 1991 1498 con-

449 1547 575 1573 sensu
593 1546 669 1587 pro
686 1546 730 1572 se
748 1537 792 1572 et
809 1530 1123 1572 successoribus
1140 1529 1228 1570 suis
1246 1528 1537 1569 favorabiliter
1552 1527 1675 1569 nobis
1692 1532 1992 1568 concesserunt

450 1601 563 1658 quod
595 1607 691 1657 post
723 1600 944 1642 decessum
982 1605 1177 1640 nostrum
1214 1597 1554 1639 anniversarium
1586 1604 1781 1639 nostrum
1813 1596 1993 1652 singulis

449 1671 584 1720 annis,
617 1686 714 1712 cum
757 1669 971 1718 acciderit,
1009 1669 1052 1709 in
1094 1668 1208 1709 dicto
1252 1667 1510 1709 monasterio
1551 1673 1696 1708 nostro
1737 1666 1791 1707 ab
1833 1666 1993 1707 eisdem

449 1741 698 1782 solemniter
724 1746 768 1781 et
793 1755 891 1780 Cum
920 1739 1164 1795 pulsatione
1202 1753 1457 1794 magnarum
1491 1752 1797 1793 campanarum
1826 1736 1871 1777 in
1899 1750 1993 1791 per-

451 1817 633 1867 petuum
675 1809 916 1851 celebretur
956 1809 1001 1849 in
1043 1809 1177 1849 forma
1218 1806 1486 1862 subscripta:
1530 1806 1731 1848 videlicet
1771 1805 1884 1862 quod
1925 1805 1995 1845 die

451 1878 731 1921 anniversarii
764 1878 973 1934 praedicti
1008 1877 1162 1934 viginti
1195 1876 1385 1933 quinque
1417 1875 1541 1917 solidi
1572 1875 1889 1932 sterlingorum,
1919 1889 1993 1916 seu

451 1965 583 2005 panes
616 1949 670 1990 ad
707 1949 893 1990 valorem
931 1953 1079 1989 tantae
1117 1961 1323 1996 summae,
1352 1945 1579 1987 trescentis
1615 1945 1878 2002 pauperibus
1911 1944 1995 1985 dis-

451 2020 727 2070 tribuantur,
769 2025 813 2061 et
851 2018 1000 2060 eodem
1038 2017 1107 2058 die
1140 2032 1215 2073 pro
1253 2016 1351 2057 vino
1386 2021 1429 2057 et
1466 2015 1669 2072 pitanciis
1705 2015 1750 2056 in
1781 2020 1995 2056 conventu

452 2096 626 2131 centum
669 2088 792 2131 solidi
842 2088 1047 2130 fratribus
1091 2086 1377 2142 assignentur.
1454 2091 1499 2127 et
1540 2101 1615 2142 pro
1655 2085 1823 2127 duobus
1865 2083 1997 2125 cereis

452 2160 705 2202 ardentibus
726 2160 838 2201 circa
859 2159 1056 2200 tumbam
1079 2157 1124 2199 in
1150 2157 1299 2213 vigilia
1327 2162 1372 2198 et
1400 2156 1445 2197 in
1470 2156 1539 2197 die
1561 2154 1840 2196 anniversarii
1862 2153 1997 2195 nostri

454 2237 540 2272 tres
566 2230 691 2272 solidi
720 2235 764 2271 et
792 2235 978 2285 quatuor
1003 2227 1168 2269 denarii
1194 2226 1395 2268 sacristae
1423 2224 1809 2273 Westmonasterii,
1838 2230 1882 2265 et
1911 2230 1997 2265 tres
2019 2244 2033 2264 2

453 2299 578 2340 solidi
604 2298 668 2339 illi
698 2297 832 2347 fratri,
853 2297 927 2352 qui
957 2296 1169 2352 pitancias
1197 2295 1454 2351 providebit,
1475 2309 1524 2335 ac
1545 2294 1630 2335 duo
1655 2293 1779 2334 solidi
1812 2291 1996 2334 servien-

455 2369 572 2410 tibus
602 2367 803 2409 ecclesiae
836 2382 912 2424 pro
949 2366 1192 2422 pulsatione
1228 2379 1534 2420 campanarum
1563 2363 1840 2419 assignentur
1872 2368 1916 2403 et
1953 2360 1997 2402 in

455 2445 715 2495 perpetuum
747 2437 1058 2493 persolvantur,
1092 2451 1168 2492 per
1204 2450 1357 2477 manus
1390 2434 1537 2476 ballivi
1574 2434 1648 2491 qui
1689 2449 1764 2490 pro
1807 2440 1998 2489 tempore

456 2508 597 2557 fuerit,
631 2507 683 2548 de
724 2506 1006 2562 proventibus
1050 2504 1227 2545 manerii
1270 2504 1322 2545 de
1372 2503 1654 2559 Hampstede,
1689 2503 1744 2544 ad
1785 2517 1998 2544 summam

455 2578 602 2619 decem
617 2591 855 2618 marcarum
873 2574 1203 2631 praedictarum.
1246 2579 1290 2615 et
1306 2588 1382 2629 pro
1404 2573 1798 2629 recompensatione
1821 2571 1998 2628 hospitii

456 2646 664 2688 antedicti
701 2646 755 2686 ad
788 2660 899 2701 quae
931 2644 1075 2685 omnia
1106 2650 1150 2685 et
1187 2644 1357 2700 singula
1394 2643 1626 2699 praemissa
1659 2643 1704 2684 in
1740 2649 1999 2699 perpetuum

456 2716 637 2772 singulis
658 2715 782 2756 annis
809 2721 905 2770 post
932 2714 1100 2755 obitum
1130 2720 1337 2762 nostrum,
1360 2728 1434 2769 pro
1464 2713 1603 2754 salute
1632 2712 1800 2753 animae
1829 2717 2000 2752 nostrae

457 2791 501 2826 et
529 2800 604 2840 pro
633 2783 859 2825 animabus
888 2782 1080 2824 omnium
1109 2782 1302 2823 fidelium
1335 2782 1648 2830 defunctorum,
1674 2780 1928 2836 complenda
1956 2786 2000 2821 et

457 2854 727 2911 perficienda,
754 2853 860 2894 dicti
892 2853 1006 2908 prior
1037 2859 1081 2893 et
1113 2858 1349 2893 conventus
1381 2867 1424 2893 se
1457 2857 1500 2892 et
1532 2866 1791 2892 successores
1822 2865 1931 2900 suos,
1957 2856 2000 2891 et

459 2923 697 2965 manerium
729 2937 854 2963 suum
887 2921 939 2962 de
974 2921 1242 2976 Hampstede
1284 2935 1379 2961 cum
1412 2919 1688 2976 pertinentiis
1719 2919 2000 2975 praedictum,

457 2992 665 3034 coercioni
683 2998 727 3033 et
738 2990 1030 3046 jurisdictioni
1048 2990 1218 3031 abbatis
1236 2989 1610 3031 Westmonasterii
1624 2989 1698 3044 qui
1716 3004 1790 3044 pro
1809 2994 2000 3043 tempore

459 3062 588 3104 fuerit
628 3067 851 3118 gratanter
890 3060 1185 3102 submiserunt
1221 3075 1297 3116 per
1332 3074 1533 3116 praesens
1570 3059 1790 3115 scriptum,
1821 3058 1875 3099 ad
1907 3073 2000 3114 per-

458 3139 636 3189 petuam
666 3131 726 3172 rei
754 3130 1003 3172 memoriam
1032 3129 1173 3185 sigillo
1204 3136 1348 3171 nostro
1375 3144 1460 3171 una
1489 3144 1587 3171 cum
1614 3128 1755 3185 sigillo
1784 3127 2001 3169 communi

525 3238 542 3267 1
567 3246 633 3276 quo
651 3236 802 3276 quidem]
818 3235 967 3275 quodam
985 3235 1038 3266 W.
1173 3236 1193 3265 4
1218 3233 1580 3275 Hendon]÷predicto
1597 3233 1629 3264 d.
1762 3232 1782 3263 ὃ
1807 3232 1880 3271 seu]
1897 3231 1949 3262 vel
1966 3230 1997 3263 d.

460 3289 500 3320 10
520 3288 704 3319 mearemio
722 3287 773 3320 W.
867 3287 906 3318 15
925 3286 1113 3317 finabiliter
1129 3285 1162 3317 d.
1252 3287 1293 3316 24
1310 3286 1518 3325 tumbam]†
1529 3285 1602 3317 eius
1617 3285 1669 3317 W.
1761 3285 1801 3315 34
1818 3294 1876 3315 om.
1897 3293 1931 3314 se
1945 3282 1998 3314 W.

2015 1194 2051 1215 10

2016 1893 2057 1914 20

2021 2593 2061 2623 30

2023 2939 2061 2969 35
