2385 3891
244 758 382 790 obtains

245 801 406 842 privilege
422 801 458 832 of

245 845 420 884 dalmatic,
440 847 498 875 dle.

245 956 312 990 †27
331 955 408 994 Sep.

246 999 395 1039 1191[?].

244 1174 371 1206 Buried
387 1174 423 1205 in

245 1218 348 1250 south
361 1218 508 1250 cloister.

246 1545 311 1577 His
327 1545 482 1577 anniver-

247 1599 338 1630 sary.

247 1751 298 1783 Cf.
317 1752 473 1782 ‘Domes-

246 1795 330 1836 day’
349 1795 371 1826 f.
390 1796 463 1827 488.

532 421 594 465 96
833 414 1016 462 Flete's
1052 411 1275 473 History
1313 410 1379 473 of
1416 409 1764 459 Westminster

530 540 684 589 tenuit,
725 554 799 595 pro
842 553 895 578 xv
936 535 1081 577 solidis
1129 549 1205 590 per
1251 547 1437 584 annum3
1488 533 1689 575 similiter
1733 533 1860 575 aliam
1910 539 2067 575 terram

530 608 766 664 proximam
799 605 998 647 ecclesiae
1030 603 1167 645 sancti
1196 602 1412 644 Matthaei
1440 601 1602 643 ibidem
1630 616 1706 657 pro
1734 617 1789 642 xx
1821 601 1966 643 solidis
1994 616 2070 657 per

529 692 701 718 annum.
762 674 962 716 similiter
983 672 1191 714 concessit
1214 671 1423 712 Nicholao
1445 670 1497 711 (10
1529 670 1810 711 Pakelesham
1840 670 1985 711 villam
2015 670 2067 711 de

532 746 821 793 Pakelesham‚
843 743 1085 784 membrum
1114 742 1167 783 de
1197 741 1405 790 Benfiete‚
1426 755 1502 795 pro
1531 739 1573 780 ix
1604 739 1734 781 libris.
1795 739 1902 780 item
1930 739 2068 794 primo

530 814 720 856 obtinuit
761 828 786 854 a
826 827 938 868 papa
975 810 1220 852 Alexandro
1257 809 1324 850 111Ο
1358 823 1483 850 11511111
1517 807 1784 858 (131111311030,
1822 808 1992 850 111111030
2025 815 2068 849 01

530 884 830 926 sandaliorum.

618 953 740 996 Obiit
761 958 908 994 autem
931 950 1067 992 xxvii⁰
1084 949 1152 991 die
1170 947 1451 1005 Septembris,
1469 947 1513 988 in
1536 947 1643 988 festo
1667 946 1866 988 videlicet
1889 946 2068 989 Cosmae

532 1030 575 1065 et
613 1022 828 1072 Damiani,
862 1037 958 1062 cum
996 1019 1253 1077 praefuisset
1287 1018 1426 1060 eidem
1464 1017 1553 1058 loco
1585 1016 1710 1058 annis
1746 1015 1991 1072 quindecim
2024 1023 2068 1057 et

530 1093 726 1149 amplius,
758 1106 869 1132 anno
906 1089 1017 1146 regis
1059 1087 1232 1130 Ricardi
1269 1087 1397 1143 primi
1438 1086 1636 1136 secundo,
1668 1093 1713 1127 et
1753 1100 1865 1127 anno
1905 1084 2068 1126 domini

530 1162 757 1204 millesimo
799 1159 1032 1202 centesimo
1074 1157 1349 1214 nonagesimo
1390 1155 1552 1212 primo;
1594 1155 1875 1211 sepultusque
1917 1160 1982 1196 est
2023 1154 2069 1195 in

528 1232 707 1274 australi
724 1237 844 1288 parte
862 1228 1038 1271 claustri
1055 1228 1099 1269 in
1114 1228 1241 1283 plano
1258 1226 1506 1282 pavimento
1523 1230 1624 1266 ante
1641 1224 1829 1280 primum
1847 1238 2068 1265 scamnum

529 1318 553 1343 a
575 1301 778 1357 cymbalo.
840 1299 963 1355 cujus
985 1298 1071 1339 tale
1094 1303 1159 1339 est
1181 1295 1478 1352 epitaphium:

761 1380 845 1421 Hic
876 1379 950 1435 qui
982 1385 1030 1420 tu
1062 1392 1219 1434 pausas
1249 1376 1391 1417 dictus
1425 1374 1658 1416 Walterius
1689 1374 1822 1415 abbas

819 1464 870 1490 ex
902 1448 997 1489 aliis
1029 1448 1181 1495 fueras,
1212 1460 1290 1486 nec
1321 1444 1488 1485 alienus
1520 1458 1623 1485 eras.

619 1532 687 1573 Ad
704 1531 769 1587 cuj
778 1546 827 1572 us
848 1528 1188 1571 anniversarium
1206 1525 1456 1567 solemniter
1472 1524 1776 1566 celebrandum
1799 1523 2069 1580 assignatum

533 1602 614 1643 fuit
636 1600 875 1642 manerium
897 1599 950 1640 de
973 1597 1228 1653 Padyngton
1251 1595 1295 1636 in
1316 1594 1525 1636 comitatu
1549 1593 1868 1643 Middelsexiae,
1889 1594 1970 1635 sub
1992 1594 2071 1635 hac

534 1673 688 1712 forma:

619 1740 783 1793 Quinto
801 1737 1005 1780 kalendas
1024 1735 1234 1783 Octobris,
1252 1734 1297 1775 in
1313 1733 1382 1775 die
1406 1733 1605 1774 videlicet
1622 1738 1868 1774 sanctorum
1890 1732 2071 1775 Cosmae

531 1816 575 1851 et
598 1808 815 1856 Damiani,
844 1804 1186 1848 anniversarium
1216 1803 1386 1844 abbatis
1416 1801 1613 1843 Walterii
1642 1801 1938 1857 principaliter
1963 1802 2070 1843 cele—

530 1879 691 1919 bratur.
753 1876 807 1917 ad
828 1875 942 1931 quod
965 1872 1166 1915 videlicet
1189 1887 1239 1913 ex
1262 1869 1536 1927 providentia
1564 1869 1876 1912 eleemosinarii
1898 1870 1972 1926 qui
1994 1885 2070 1926 pro

531 1954 722 2004 tempore
742 1945 871 1987 fuerit
888 1943 1137 1986 solemniter
1153 1941 1455 1984 celebrandum
1474 1940 1715 1981 manerium
1731 1939 1784 1981 de
1802 1939 2071 1996 Padingtone

530 2017 725 2059 totaliter
755 2016 1008 2071 deputatur:
1040 2014 1118 2055 hoc
1149 2011 1336 2053 fideliter
1368 2012 1593 2052 observato
1626 2026 1676 2052 ox
1704 2010 1821 2052 illius
1846 2010 2070 2061 industria,

530 2088 643 2143 quod
675 2085 879 2142 quicquid
912 2085 1026 2126 ultra
1057 2084 1109 2125 de
1141 2083 1233 2138 ipso
1266 2081 1455 2122 manerio
1483 2081 1704 2122 residuum
1741 2081 1872 2122 fuerit
1900 2080 1945 2121 in
1978 2080 2071 2136 pios

531 2173 633 2199 usus
670 2171 900 2213 egenorum
940 2152 1273 2195 misericorditer
1306 2151 1584 2206 expendatur.
1646 2150 1719 2206 qui
1754 2150 1929 2206 quidem
1962 2151 2069 2192 elee-

532 2225 786 2267 mosinarius
803 2224 871 2265 die
894 2238 978 2278 quo
999 2220 1342 2263 anniversarium
1365 2220 1611 2260 celebratur
1632 2219 1824 2260 inveniet
1846 2219 2070 2268 siminella,
2113 2236 2127 2266 „-

530 2296 724 2353 gastella,
755 2293 998 2341 canestessa,
1028 2290 1292 2333 brachinella
1329 2296 1372 2330 et
1408 2290 1569 2338 wafras,
1600 2304 1647 2330 ac
1685 2289 1918 2345 unicuique
1950 2288 2071 2331 fratri

531 2381 667 2407 unum
699 2365 896 2421 galonem
931 2361 1019 2403 vini
1051 2375 1147 2401 cum
1181 2359 1320 2401 tribus
1352 2358 1474 2399 bonis
1505 2357 1705 2414 pitanciis
1742 2364 1786 2399 01
1827 2373 1923 2399 011111
1960 2358 2072 2399 bona

531 2434 709 2477 cervisia
749 2433 1021 2474 abundanter
1056 2445 1196 2471 coram
1229 2428 1434 2470 fratribus
1465 2428 1519 2468 ad
1550 2442 1696 2469 omnes
1728 2442 1908 2477 mensas,
1944 2433 2072 2482 prout

530 2503 635 2545 alias
656 2503 701 2544 in
724 2502 843 2544 festis
865 2499 1108 2557 praecipuis
1130 2505 1174 2540 et
1196 2497 1509 2546 anniversariis
1532 2496 1576 2537 in
1595 2511 1749 2551 magno
1764 2496 1966 2537 tancardo
1988 2511 2072 2537 xxv

532 2575 804 2630 lagenarum:
836 2569 1015 2612 cervisia
1037 2568 1198 2610 eisdem
1220 2582 1297 2623 per
1317 2565 1568 2607 celerarium
1591 2565 1775 2606 inveniri
1797 2566 1916 2607 solet.
1977 2566 2071 2607 hos-

530 2643 697 2700 pitibus
720 2657 817 2682 vero
839 2641 883 2681 in
911 2637 1133 2680 refectorio
1156 2636 1469 2693 prandentibus
1498 2635 1542 2676 in
1564 2650 1686 2691 pane,
1709 2634 1807 2676 vino
1829 2641 1874 2676 et
1895 2635 2073 2677 cervisia

532 2719 576 2755 et
607 2712 774 2753 duobus
803 2708 973 2751 ferculis
1004 2708 1056 2748 de
1086 2706 1280 2762 coquina,
1302 2705 1492 2761 exceptis
1520 2704 1794 2761 generalibus
1825 2704 2072 2761 coquinarii,

533 2780 760 2822 honorifice
802 2784 846 2819 et
882 2776 1155 2817 abundanter
1190 2774 1447 2830 procurabit.
1509 2772 1894 2814 honorabilioribus
1926 2778 2072 2815 tamen

532 2850 735 2907 personis,
757 2848 831 2904 qui
854 2862 939 2888 una
961 2861 1058 2887 cum
1087 2844 1360 2900 praesidente
1383 2844 1437 2884 ad
1459 2843 1628 2884 skillam
1651 2843 1848 2898 superius
1871 2843 2071 2894 resident,

533 2927 738 2976 tanquam
771 2914 1000 2958 conventui
1033 2913 1244 2955 celebrius
1277 2911 1624 2962 ministrabitur3
1655 2918 1787 2967 atque
1830 2912 1884 2953 ab
1921 2913 2070 2954 eodem

533 2997 623 3032 tam
675 2986 917 3044 hospitibus
968 3000 1096 3040 quam
1149 2982 1379 3024 conventui
1431 2996 1578 3023 caseus
1630 2980 1915 3022 exhibebitur.
1996 2997 2071 3037 pro

534 3058 807 3116 generalibus
830 3071 928 3097 vero
951 3061 994 3096 et
1011 3053 1203 3095 scutellis
1225 3067 1272 3093 ac
1294 3051 1389 3093 aliis
1411 3051 1659 3093 necessariis
1681 3050 1926 3107 coquinario
1948 3052 2070 3094 satis-

600 3197 637 3226 11
664 3195 715 3234 111]
733 3194 796 3224 sub
815 3193 872 3232 Sp.
1023 3193 1062 3222 13
1086 3189 1205 3231 pausis
1222 3190 1273 3222 W.
1391 3189 1564 3221 Walterus
1582 3189 1634 3222 W.
1795 3190 1834 3221 19
1859 3188 2000 3221 Walteri
2018 3188 2070 3220 W.

534 3251 574 3281 35
599 3246 727 3279 eisdem
744 3245 786 3275 W
805 3245 862 3286 Sp.
1083 3243 1123 3276 37
1148 3241 1300 3282 generali
1316 3241 1358 3272 W
1376 3240 1434 3283 Sp.

2093 1167 2129 1189 10

2093 1547 2128 1577 Ι5

2091 1890 2131 1913 20

2092 2585 2133 2616 30

2091 2935 2131 2965 35
