2385 3891
100 1654 135 1685 of
148 1653 364 1692 consessors;

101 1999 152 2031 cf.
173 2009 228 2040 pp.
249 2001 287 2032 19
300 2001 322 2033 f.

1008 424 1113 473 The
1150 425 1321 475 Belias
1868 431 1924 478 71

395 559 528 586 unum
551 545 726 588 dentem
749 548 886 590 sancti
909 549 1075 591 Erasmi
1098 557 1141 592 et
1171 551 1357 607 digitum
1380 551 1517 593 sancti
1541 553 1770 602 Bonefacii‚
1793 568 1928 595 unum

391 629 582 669 pannum
624 630 707 671 quo
750 617 992 660 involutum
1027 620 1109 661 fuit
1150 636 1302 676 corpus
1342 622 1479 663 sancti
1510 621 1681 670 Albani,
1710 637 1795 663 una
1830 637 1926 664 cuni

391 682 583 738 reliquiis
605 685 741 725 sancti
764 686 1042 742 Amphibali3
1074 688 1179 729 item
1206 697 1336 744 caput
1365 705 1462 730 cum
1486 690 1691 738 saucibus,
1712 690 1928 739 dentibus,

390 752 586 807 scapuliS,
622 760 666 794 ct
707 754 802 795 aliis
840 755 1018 797 minutis
1055 756 1219 798 ossibus
1260 758 1483 813 cujusdam
1527 759 1663 800 sancti
1706 759 1926 815 incogniti.

390 834 462 860 rex
506 820 738 863 Willelmus
773 831 1012 878 conquestor
1043 826 1287 881 procuravit
1320 826 1520 882 reliquias
1545 828 1681 869 sancti
1715 828 1925 884 Dionysii,
1947 845 1962 872 5

390 905 525 931 unum
547 891 722 933 dentem
745 894 881 935 sancti
904 895 1087 950 Nigasii‚
1109 910 1207 937 cum
1230 896 1422 952 reliquiis
1439 902 1684 938 sanctorum
1704 898 1924 939 Eustachii

389 965 433 1000 et
466 960 710 1003 Rumbaldi.
771 978 843 1004 rex
878 964 1092 1006 Henriczcs
1123 967 1270 1008 tertius
1301 967 1421 1008 (ledit
1454 967 1657 1022 reliquias
1691 967 1743 1008 ‹le
1776 968 1925 1016 cilicio,

389 1028 557 1082 pellicio
585 1029 841 1084 supellectili
870 1038 914 1072 et
942 1032 1037 1073 aliis
1065 1033 1268 1083 vestibus,
1294 1049 1391 1075 cuni
1423 1049 1507 1075 uno
1534 1035 1704 1090 pectine
1739 1036 1926 1076 eburneo

388 1102 432 1137 et
463 1098 672 1153 sanguine
708 1099 1015 1156 archicpiscopi
1050 1101 1399 1153 Cantuariensis3
1441 1104 1546 1145 item
1580 1104 1725 1160 plures
1761 1111 1925 1145 crustas

386 1165 439 1207 de
480 1168 621 1223 capite
672 1169 809 1210 sancti
856 1170 1166 1226 Christophori,
1208 1172 1313 1214 item
1360 1180 1490 1229 caput
1539 1174 1676 1215 sancti
1726 1174 1924 1216 Mauricii

388 1235 597 1291 martyris.
669 1237 868 1280 dominus
910 1238 1058 1281 Simon
1099 1241 1316 1296 quondam
1363 1242 1495 1283 abbas
1540 1242 1592 1284 de
1643 1244 1761 1298 Bury
1802 1243 1923 1284 dedit

385 1310 553 1359 partem
589 1306 641 1347 de
678 1307 854 1348 camisia
890 1323 985 1349 cum
1021 1309 1116 1350 aliis
1152 1310 1345 1366 reliquiis
1381 1311 1517 1352 sancti
1556 1310 1775 1352 Edmundi
1814 1312 1925 1368 regis

385 1379 430 1414 et
463 1375 672 1429 martyris.
734 1376 933 1418 dominus
975 1377 1192 1419 Ricardus
1231 1379 1282 1420 de
1317 1379 1515 1434 Berkyny
1551 1379 1712 1421 obtulit
1750 1380 1924 1422 brachia

384 1448 628 1484 sanctorum
666 1444 820 1486 Felicis
862 1452 905 1487 et
944 1446 1100 1488 Vitalis
1138 1454 1376 1503 martyrum
1418 1448 1471 1489 de
1508 1449 1700 1490 Thebeia
1742 1449 1922 1505 legione.

383 1512 539 1554 Petrus
575 1513 625 1555 de
669 1514 850 1557 Graecia
885 1516 1071 1557 contulit
1107 1516 1283 1558 brachia
1318 1518 1456 1559 sancti
1491 1518 1584 1559 Seri
1631 1519 1831 1574 martyris
1871 1519 1923 1560 de
1967 1535 1982 1564 5

385 1581 771 1640 Constantinopoli.

469 1652 694 1709 Reliquiae
726 1660 966 1697 sanctorum
997 1655 1288 1712 confessorum.
1351 1673 1424 1699 rex
1453 1657 1645 1700 Sebertus
1673 1658 1794 1699 dedit
1824 1659 1919 1700 reli-

383 1720 505 1776 quias
535 1728 780 1765 sanctorum
818 1725 1106 1766 confessorum
1141 1726 1335 1775 Antonii,
1368 1727 1528 1775 Lazari,
1561 1726 1789 1768 Nicodemi
1824 1743 1921 1769 cuni

381 1790 487 1832 aliis.
548 1792 751 1847 Edyarus
772 1809 843 1835 rex
867 1795 1052 1836 contulit
1074 1795 1180 1837 duas
1203 1796 1332 1837 tibias
1353 1811 1451 1838 cum
1477 1797 1572 1838 aliis
1595 1797 1761 1839 ossibus
1783 1799 1921 1840 sancti

386 1860 642 1902 Ethelwoldi
677 1862 1038 1905 Lindisfarnensis
1067 1864 1268 1921 episcopi,
1289 1880 1386 1906 cum
1413 1866 1508 1907 aliis
1546 1866 1738 1922 reliquiis
1774 1868 1923 1909 multis
1945 1882 1958 1902 2

383 1929 475 1971 sine
498 1930 663 1981 titulis3
695 1931 801 1973 item
827 1932 1051 1974 brachium
1080 1934 1218 1976 sancti
1244 1935 1442 1991 Gregorii
1470 1950 1618 1992 papae,
1646 1942 1690 1977 et
1719 1952 1854 1978 unum
1878 1952 1922 1978 os

383 1998 435 2040 de
457 2000 633 2055 scapula
653 2002 789 2043 sancti
814 2003 1042 2045 Benedicti
1068 2004 1249 2046 abbatis.
1313 2011 1488 2046 sanctus
1518 2006 1762 2048 Edwardzcs
1783 2022 1856 2048 rex
1879 2014 1923 2048 et

383 2066 594 2108 confessor
634 2067 688 2108 ad
730 2069 981 2111 memoriam
1024 2071 1267 2112 futurorum
1310 2078 1354 2112 et
1396 2087 1472 2127 pro
1520 2072 1737 2128 dignitate
1779 2074 1922 2129 regiae

382 2137 667 2178 coronationis
693 2138 835 2179 onmia
865 2139 1026 2195 regalia
1051 2148 1303 2182 ornamenta
1332 2141 1376 2181 in
1406 2142 1582 2182 ecclesia
1611 2142 1689 2183 hac
1717 2144 1921 2184 reservari

1950 1190 1986 1210 {0

382 2206 612 2262 praecepit,
633 2222 731 2248 cum
764 2208 922 2264 quibus
950 2209 1041 2265 ipse
1078 2216 1304 2252 coronatus
1338 2211 1421 2252 fuit
1439 2225 1448 2261 3
1480 2211 1681 2253 videlicet
1716 2213 1921 2262 tunicam,
1944 2231 1981 2261 ²5

381 2276 715 2331 supertunicam,
747 2277 959 2319 armillam
1002 2279 1170 2329 bonam,
1202 2280 1382 2336 pallium
1424 2281 1673 2330 brudatum‚
1704 2297 1782 2337 par
1821 2282 1921 2323 cali-

379 2359 544 2399 garum,
587 2360 665 2400 par
704 2347 1039 2397 cerothecamm,
1081 2355 1299 2405 sceptrum
1349 2365 1542 2400 aureum,
1585 2365 1715 2392 unam
1758 2351 1922 2407 virgam

382 2413 568 2469 ligneam
605 2414 870 2467 deauratam,
905 2417 1086 2458 alteram
1130 2419 1320 2469 ferream,
1357 2419 1462 2460 item
1506 2435 1703 2461 coronam
1746 2436 1921 2462 auream

381 2483 602 2539 optimam,
631 2499 765 2525 unum
798 2485 1015 2541 pectinem
1050 2502 1227 2528 aureum
1256 2494 1300 2529 et
1333 2489 1520 2538 coclear;
1557 2488 1662 2530 item
1700 2505 1776 2545 pro
1808 2505 1920 2531 coro-

382 2552 555 2594 natione
597 2554 770 2609 reginae
813 2570 1011 2597 coronam
1052 2557 1209 2598 bonam
1253 2564 1297 2599 et
1339 2558 1445 2599 duas
1488 2558 1652 2614 virgas3
1697 2559 1802 2600 item
1845 2576 1920 2616 pro

381 2619 679 2661 communione
716 2620 879 2662 domini
916 2622 1028 2678 regis
1064 2623 1109 2664 in
1142 2624 1211 2665 die
1249 2625 1534 2666 coronationis
1572 2641 1706 2666 unum
1746 2626 1918 2667 calicem

382 2687 535 2743 lapidis
557 2690 758 2745 onychini
779 2706 877 2732 cum
900 2692 1020 2747 pede,
1042 2693 1239 2749 ligaturis
1269 2700 1313 2735 et
1342 2701 1500 2750 patena
1526 2695 1578 2736 de
1601 2710 1703 2736 auro
1732 2696 1920 2751 optimo:

381 2772 490 2813 quae
504 2759 647 2800 omnia
660 2774 735 2815 pro
749 2761 941 2817 reliquiis
955 2763 1153 2818 pretiosis
1168 2764 1420 2806 habeantur.
1453 2764 1652 2806 dominus
1666 2765 1921 2807 Laurentius

380 2827 596 2882 quondam
633 2828 765 2871 abbas
802 2830 932 2887 hujus
970 2832 1049 2873 loci
1083 2833 1136 2874 de
1174 2834 1313 2875 tribus
1341 2834 1507 2890 pannis,
1536 2834 1580 2875 in
1612 2834 1769 2890 quibus
1806 2835 1918 2876 idem

380 2902 554 2938 sanctus
585 2899 798 2954 requievit
825 2900 869 2941 in
898 2902 1103 2958 sepulcro,
1130 2910 1217 2945 tres
1252 2919 1379 2960 capas
1409 2904 1615 2946 brudatas
1646 2904 1737 2945 fieri
1764 2905 1920 2960 jussit:
1964 2923 1978 2952 5

381 2964 454 3006 sed
484 2971 528 3006 et
552 2967 681 3008 anulo
710 2968 915 3023 ejusdem,
942 2985 1070 3026 quem
1092 2979 1240 3013 sancto
1261 2973 1453 3014 Johanni
1475 2973 1765 3029 evangelistae
1787 2988 1920 3029 quon-

381 3032 478 3073 dam
511 3034 705 3084 tradidit,
734 3051 863 3091 quem
896 3044 940 3080 et
971 3039 1063 3095 ipse
1095 3040 1148 3081 de
1180 3041 1376 3096 paradiso
1412 3041 1580 3082 remisit
1611 3042 1766 3098 elapsis
1798 3041 1921 3082 annis

380 3099 547 3141 duobus
569 3107 613 3142 et
634 3101 824 3153 dimidio,
846 3110 995 3160 postea
1023 3106 1068 3147 in
1094 3113 1218 3148 nocte
1250 3107 1542 3148 translationis
1568 3107 1620 3148 de
1643 3107 1780 3162 digito
1803 3107 1920 3163 regio

511 3219 551 3249 14
576 3219 738 3261 Thebeia]
756 3221 831 3261 Sp.:
857 3222 994 3264 Thebey
1011 3224 1064 3256 W.
1257 3227 1298 3258 28
1323 3226 1472 3266 ligneam
1490 3231 1566 3257 ante
1584 3226 1714 3265 virgam
1732 3225 1789 3265 Sp.

641 3272 683 3302 30
706 3283 767 3304 om.
784 3273 911 3306 bonam
928 3274 986 3315 Sp.
1335 3280 1375 3310 37
1400 3288 1458 3309 om.
1480 3277 1582 3308 annis
1600 3276 1658 3316 Sp.

1942 2577 1982 2606 30
