2385 3891
510 438 604 483 134
807 433 991 482 Flete’s
1026 432 1251 494 History
1288 431 1354 495 of
1389 431 1738 481 Westminster

507 560 760 602 venerabilis
781 559 916 615 patris
937 557 1138 614 Symonis
1166 572 1303 613 nuper
1329 557 1499 599 abbatis
1527 558 1607 599 loci
1634 558 1843 614 praedicti
1864 558 1910 598 in
1931 556 2040 612 epis-

507 645 658 685 copum
702 628 1044 669 Londoniensem
1082 627 1355 677 vacantiumg
1388 627 1451 668 ita
1482 627 1595 682 quod
1628 627 1680 668 de
1717 626 1906 668 exitibus
1940 625 2041 666 inde

507 698 858 754 provenientibus
900 697 991 753 regi
1033 696 1350 752 responderem.
1416 697 1522 738 item
1566 697 1611 737 in
1654 696 1802 738 eodem
1845 693 2042 751 originali

507 769 646 810 rotulo
688 766 822 808 xxvii⁰
863 767 915 808 de
957 766 1106 808 eodem
1147 781 1285 808 anno:
1328 766 1662 807 Middlesexiae:
1703 765 1817 806 idem
1854 779 1927 805 rex
1968 778 2045 819 per

506 836 634 877 breve
666 850 792 876 suum
828 835 977 876 datum
1016 835 1094 875 xii⁰
1130 834 1199 875 die
1236 834 1486 876 Decembris
1518 833 1736 890 praecepit
1768 832 1959 875 Johanni
1992 832 2044 872 de
2065 847 2081 876 5

508 905 596 960 Tye
633 911 737 946 tunc
774 904 1009 945 eschaetori
1051 919 1127 945 suo
1164 903 1450 945 comitatuum
1488 903 1698 959 Surreyae
1740 902 1967 944 Sussexiae
2001 907 2045 942 et

509 973 815 1014 Middlesexiae
846 972 1070 1022 directum,
1097 987 1174 1028 per
1203 972 1316 1028 quod
1348 973 1476 1014 breve
1507 972 1622 1013 idem
1654 986 1792 1027 nuper
1821 986 1894 1012 rex
1925 984 2044 1026 prae-

508 1044 623 1099 cepit
681 1043 820 1085 eidem
879 1043 1126 1092 eschaetori‚
1177 1042 1291 1098 quod
1342 1042 1485 1084 omnia
1540 1042 1792 1098 temporalia
1845 1040 2045 1082 abbatiae

511 1112 883 1154 westmonasterii
916 1112 1182 1168 pertinentia
1216 1112 1426 1154 Nicholao
1457 1112 1726 1168 Litlyngton,
1747 1126 1885 1166 nuper
1915 1109 2046 1166 priori

510 1182 894 1231 westmonasterii,
917 1188 1021 1224 tunc
1050 1182 1093 1223 in
1123 1182 1325 1223 abbatem
1356 1181 1729 1223 VVestmonasterii
1760 1181 1895 1222 electo
1923 1178 2046 1220 resti·
2070 1195 2108 1217 ιο

509 1258 663 1294 tueret.
724 1260 769 1293 et
799 1251 973 1292 duravit
1004 1251 1088 1292 ista
1119 1251 1284 1293 vacatio
1315 1266 1340 1292 a
1365 1257 1439 1292 xx0
1466 1250 1536 1292 die
1569 1250 1726 1292 mensis
1755 1248 1915 1299 Martii,
1936 1262 2048 1289 anno

509 1322 613 1363 dicti
636 1321 748 1377 regis
769 1321 928 1370 xxxvi0,
951 1336 1085 1376 usque
1107 1321 1161 1362 ad
1183 1320 1243 1362 xii
1259 1320 1374 1363 diem
1389 1321 1640 1362 Decembris
1656 1319 1848 1377 proxime
1869 1333 2048 1374 sequen-

511 1398 611 1440 tem,
635 1392 835 1433 videlicet
861 1407 937 1447 per
966 1391 1049 1432 tria
1080 1391 1299 1446 quarteria
1324 1391 1427 1432 anni
1456 1391 1599 1432 minus
1621 1406 1692 1432 sex
1714 1390 1878 1431 diebus.
1940 1389 2049 1429 hanc

512 1462 776 1502 vacationem
804 1461 1049 1517 praedictus
1077 1476 1150 1502 rex
1181 1476 1258 1517 per
1279 1462 1446 1502 litteras
1467 1476 1565 1502 suas
1592 1467 1793 1517 patentes
1821 1460 1944 1501 datas
1972 1458 2050 1499 xii0

510 1529 578 1570 die
596 1530 770 1585 Aprilis,
792 1545 903 1570 anno
925 1529 1046 1585 regni
1069 1529 1135 1571 sui
1165 1530 1324 1579 xxxvi0,
1346 1530 1466 1571 dedit
1491 1529 1711 1586 praedicto
1735 1528 1864 1584 priori
1887 1534 1930 1569 et
1952 1542 2048 1568 con·
2073 1545 2108 1574 15

511 1599 661 1640 ventui
682 1599 842 1654 absque
864 1599 1007 1655 aliquo
1036 1599 1135 1641 inde
1158 1600 1248 1656 regi
1266 1600 1481 1641 reddendo
1499 1617 1506 1642 ε
1538 1606 1583 1641 et
1603 1599 1849 1656 praedictus
1870 1597 1986 1654 prior
2006 1603 2050 1638 et

511 1668 583 1709 alii
615 1674 773 1724 petunt
805 1668 1024 1709 exonerari
1061 1668 1113 1709 de
1150 1675 1346 1724 compoto
1380 1669 1520 1710 dictae
1553 1667 1786 1709 vacationis
1820 1672 2050 1722 praetextu

511 1738 792 1779 concessionis
821 1737 933 1793 regis
966 1737 1222 1793 praedictae.
1284 1754 1412 1794 super
1447 1753 1530 1794 quo
1567 1737 1716 1779 habita
1743 1735 2051 1778 deliberatione

511 1822 757 1849 concessum
787 1814 863 1857 est,
892 1813 942 1849 ut
972 1808 1218 1863 praedictus
1248 1808 1484 1849 Nicholaus
1514 1814 1558 1849 et
1589 1807 1663 1848 alii
1693 1812 1980 1848 exonerentur
2007 1812 2051 1846 et

511 1878 713 1919 recedant
735 1877 826 1919 sine
848 1877 930 1927 die,
952 1883 1002 1919 ut
1030 1883 1153 1934 patet
1182 1878 1297 1919 inter
1322 1878 1494 1920 recorda
1522 1877 1766 1919 communia
1792 1876 1845 1917 de
1868 1875 2052 1918 termino
2071 1894 2112 1916 20

512 1946 746 1997 Michaelis,
775 1962 886 1988 anno
916 1946 1097 1988 xxxviii⁰
1133 1947 1342 2003 praedicti
1376 1946 1489 2004 regis
1521 1946 1718 1988 Edwardi
1752 1945 1882 1995 tertii,
1912 1945 2052 1986 rotulo

510 2022 642 2058 sexte.

228 2103 391 2135 Nicholas
599 2086 664 2127 De
698 2085 905 2127 Nicholao
937 2085 1205 2142 Lytlyngton
1235 2086 1404 2128 abbate.

228 2147 452 2231 Ξῖξὲζέᾶὲῗὲζ.
600 2156 639 2196 N
646 2155 836 2197 icholaus
858 2155 1127 2212 Lytlyngton
1148 2156 1200 2197 de
1221 2156 1360 2211 priore
1384 2155 1768 2205 Westmonasterii,
1789 2160 1886 2211 post
1916 2160 2051 2196 trans-

230 2234 353 2276 (1362).
511 2224 715 2265 lationem
758 2224 947 2266 Simonis
988 2225 1041 2266 de
1089 2225 1314 2280 Langham
1355 2225 1409 2266 ad
1450 2225 1594 2266 sedem
1637 2225 1866 2273 Eliensem,
1907 2238 2052 2265 mense
2071 2233 2110 2263 25

511 2293 650 2349 Aprili
673 2293 872 2343 canonice
895 2293 1056 2335 electus
1078 2299 1143 2335 est
1165 2293 1209 2334 in
1237 2294 1438 2335 abbatem
1469 2294 1661 2349 ejusdem
1683 2293 1787 2344 loci3
1817 2292 1891 2348 qui
1913 2292 2053 2334 adhuc

512 2363 693 2418 simplex
717 2363 949 2404 monachus
970 2363 1094 2419 plura
1115 2363 1228 2403 bona
1249 2363 1450 2404 ecclesiae
1473 2363 1727 2418 procuravit.
1803 2362 1910 2403 duas
1932 2377 2051 2403 vaca-

514 2432 652 2473 tiones
680 2432 880 2473 abbatiae
911 2432 1156 2488 praedictae
1181 2447 1207 2472 a
1239 2446 1338 2487 rege
1369 2431 1582 2481 obtinuit,
1620 2431 1794 2473 tertiam
1823 2436 1969 2472 autem
1999 2431 2052 2472 ad

514 2501 768 2542 instantiam
801 2501 1026 2556 Philippae
1058 2500 1111 2541 ad
1144 2507 1247 2541 tunc
1278 2500 1452 2556 reginae
1488 2500 1672 2557 Angliae
1704 2500 1818 2541 idem
1850 2515 1923 2541 rex
1955 2515 2051 2541 con-

514 2570 642 2612 cessit
677 2570 816 2611 eidem
851 2570 1069 2611 Nicholao.
1131 2569 1205 2625 qui
1241 2570 1391 2611 statim
1424 2576 1521 2625 post
1557 2570 1893 2611 installationem
1931 2585 2051 2611 suam
2072 2582 2113 2612 30

513 2639 744 2680 ratificavit
778 2644 822 2680 et
856 2638 1124 2679 confirmavit
1158 2637 1448 2680 anniversaria
1472 2638 1844 2694 praedecessorum
1879 2653 2051 2679 suorum

514 2709 733 2758 abbatum,
756 2708 954 2750 videlicet
977 2708 1183 2749 Willelmi
1204 2708 1257 2749 de
1287 2707 1589 2764 Curtlyngton,
1611 2708 1800 2749 Thomae
1828 2707 1880 2748 de
1910 2707 2052 2748 Henle

515 2783 559 2818 et
588 2777 787 2833 Symonis
819 2778 871 2819 de
894 2778 1185 2833 Byrcheston3
1217 2784 1261 2819 et
1285 2793 1361 2833 pro
1387 2778 1644 2833 quibusdam
1666 2777 1865 2834 proficuis
1887 2776 2052 2818 contin-

515 2848 731 2903 gentibus,
766 2864 876 2903 quae
912 2848 1017 2890 dicti
1059 2855 1147 2890 tres
1187 2849 1367 2890 abbates
1408 2848 1639 2890 conventui
1675 2848 1900 2895 dederunt,
1936 2846 2051 2888 idem

516 2916 752 2958 Nicholaus
785 2918 830 2958 in
861 2918 1260 2972 augmentationem
1298 2923 1342 2958 et
1373 2917 1707 2959 satisfactionem
1741 2916 1950 2972 portionis
1977 2916 2050 2957 ab·
2070 2927 2108 2958 35

515 2985 665 3026 batum
699 2986 939 3027 futurorum
971 2986 1227 3042 perquisivit
1258 2992 1392 3028 terras
1423 2991 1467 3027 et
1499 2991 1748 3027 tenementa
1778 2986 1822 3027 in
1854 2985 1967 3027 villis
1997 2985 2050 3026 de

516 3054 729 3110 Pyreford‚
763 3055 930 3105 Stanes,
961 3056 1160 3097 Denham
1193 3062 1237 3097 et
1269 3056 1467 3105 sunnone,
1503 3071 1612 3111 quae
1643 3071 1687 3097 se
1719 3055 1961 3097 extendunt
1996 3054 2050 3095 ad

516 3123 698 3164 valorem
723 3139 807 3164 xxv
829 3138 1066 3165 marcarum
1088 3123 1338 3174 annuatim,
1369 3129 1539 3180 praeter
1562 3123 1848 3165 reversionem
1870 3122 2050 3164 manerii

582 3221 600 3250 2
624 3231 682 3252 om.
704 3220 983 3252 Londoniensem
1000 3223 1110 3262 spatio
1127 3222 1241 3252 relicto
1260 3221 1318 3261 Sp.
1445 3221 1464 3251 4
1488 3220 1620 3260 eodem]
1638 3220 1731 3251 scdffi
1750 3219 1802 3251 W.
1924 3218 1964 3249 16
1987 3228 2048 3249 om.

516 3271 595 3303 inde
612 3272 665 3304 W.
777 3273 818 3303 24
839 3272 1042 3313 Litlyngton
1059 3272 1117 3313 Sp.
1135 3274 1180 3312 (et
1195 3272 1344 3314 semper).
1447 3273 1490 3303 34
1506 3272 1589 3303 item
1607 3271 1664 3312 Sp.
1771 3272 1812 3304 37
1829 3269 1966 3302 Pirford
1987 3269 2047 3310 Sp.
