2385 3891
521 432 583 477 58
822 426 1007 475 Flete’s
1043 424 1268 486 Histoi-gs
1304 422 1370 486 of
1406 421 1754 471 Westminster

519 568 569 594 ea
596 567 705 608 quae
732 549 977 607 praeteritis
1007 548 1072 589 vel
1102 547 1259 588 nostris
1289 546 1554 602 temporibus
1580 553 1682 587 sunt
1713 546 1825 596 data,
1847 560 1976 602 quam
2006 559 2056 585 ea

519 636 628 677 quae
645 621 690 661 in
708 621 853 661 futuro
870 634 895 659 a
915 617 1115 658 fidelibus
1132 615 1274 657 danda
1289 621 1404 665 sunt,
1420 614 1575 657 stolido
1591 615 1813 656 conamine
1831 615 2056 656 absumere

519 689 816 746 cogitaverint,
846 688 911 728 vel
943 686 1116 742 aliquod
1144 685 1472 726 amminiculum
1504 691 1581 726 aut
1612 685 1763 726 calices
1793 691 1870 726 aut
1902 698 2058 733 cruceS‚

519 776 594 801 seu
623 759 880 800 indumenta
900 756 1049 798 altaris
1072 756 1137 797 vel
1168 770 1305 796 sacros
1333 755 1508 804 codices,
1538 769 1704 803 aurum,
1732 759 1962 809 argentum
1991 753 2058 794 vel

519 829 875 884 qualemcumque
898 826 1083 882 speciem
1113 825 1274 866 ibidem
1304 825 1515 873 collatam,
1544 824 1707 879 eripere
1737 822 2059 878 temptaverint,
2080 833 2096 863 5

519 899 585 940 vel
622 898 726 939 alios
762 897 814 938 de
846 896 973 938 rebus
1004 895 1120 936 illius
1151 894 1352 936 ecclesiae
1390 893 1740 942 hereditaverint‚
1771 892 2059 946 fratribusque

520 967 712 1024 ejusdem
745 966 824 1007 loci
857 965 943 1006 vim
975 965 1129 1006 inferre
1161 963 1540 1020 praesumpserint,
1570 963 1635 1003 vel
1668 977 1737 1003 eos
1769 962 1931 1018 injuste
1962 976 2058 1001 con-

520 1037 800 1085 tristaverint,
826 1050 990 1077 necnon
1013 1040 1056 1076 et
1079 1035 1188 1075 hanc
1217 1034 1464 1075 schedulam
1494 1033 1797 1088 chartulasque
1819 1047 1970 1088 regum
1993 1031 2059 1072 vel

520 1107 699 1149 aliorum
729 1106 923 1147 fidelium
946 1105 999 1146 ad
1029 1104 1319 1145 defensionem
1346 1109 1390 1145 et
1416 1103 1648 1145 tuitionem
1674 1102 1755 1143 loci
1776 1101 1937 1142 ibidem
1959 1101 2062 1141 data

521 1178 686 1218 auferre
718 1191 792 1217 seu
828 1180 1020 1217 evertere
1052 1172 1323 1222 studuerint,
1364 1172 1539 1228 ignibus
1570 1171 1770 1220 aeternis,
1800 1169 2061 1212 cruciatibus
2085 1178 2123 1199 10

521 1247 743 1304 perpetuis
785 1246 879 1287 illos
920 1244 1085 1293 damus,
1126 1242 1423 1284 maledicimus
1460 1248 1591 1297 atque
1629 1240 2063 1289 excommunicamus,

522 1323 666 1373 portas
688 1316 793 1358 caeli
817 1315 876 1356 eis
898 1313 1162 1362 claudimus,
1194 1318 1238 1353 et
1266 1312 1494 1352 deleantur
1516 1310 1689 1351 nomina
1711 1325 1857 1351 eorum
1880 1310 1932 1350 de
1956 1309 2063 1350 libro

524 1387 652 1436 vitae,
693 1385 835 1441 sitque
876 1399 973 1440 pars
1018 1398 1165 1424 eorum
1207 1397 1305 1423 cum
1353 1380 1470 1422 Juda
1510 1379 1674 1421 domini
1716 1379 1935 1429 traditore,
1980 1378 2064 1420 nisi

523 1456 778 1512 resipiscant
810 1460 854 1496 et
887 1453 1025 1495 tribus
1053 1452 1177 1493 annis
1206 1467 1231 1493 a
1262 1450 1561 1493 communione
1592 1451 1771 1491 fratrum
1804 1449 2064 1506 sequestrati

524 1524 840 1583 paenitentiam
871 1528 1015 1579 agant.
2086 1532 2122 1564 15

613 1595 704 1649 Ego
739 1592 963 1634 Oswoldus
1002 1590 1281 1632 Eboracensis
1315 1589 1517 1631 ecclesiae
1553 1588 1898 1645 archiepiscopus
1935 1588 2065 1643 hujus

528 1662 849 1705 munificentiae
881 1665 1198 1702 conservatores
1229 1658 1443 1708 benedixi,
1474 1658 1809 1699 contradictores
1842 1673 1939 1699 vero
1970 1672 2064 1713 per-

525 1739 657 1791 petuo
679 1729 892 1779 damnavi,
914 1729 1083 1770 dicens:
1115 1728 1323 1769 Effundat
1339 1727 1538 1769 dominus
1561 1742 1690 1782 super
1711 1742 1780 1768 eos
1802 1726 1909 1767 iram
1933 1741 2066 1776 suam,

527 1809 571 1845 et
594 1804 709 1844 furor
728 1801 816 1841 irae
838 1814 940 1841 suae
963 1798 1298 1853 comprehendat
1320 1812 1401 1839 eos.

615 1870 706 1926 Ego
724 1869 975 1910 Aelfstanus
993 1866 1206 1908 Roffensis
1223 1865 1425 1907 ecclesiae
1448 1865 1671 1921 episcopus
1693 1865 1802 1906 hanc
1819 1864 2066 1906 libertatem
2087 1881 2128 1903 20

526 1944 860 1997 augmentantes
891 1937 981 1994 regi
1007 1952 1158 1993 regum
1185 1935 1492 1983 commendavi,
1517 1935 1806 1976 destructores
1834 1941 1981 1976 autem
2008 1934 2068 1976 sic

527 2010 706 2053 dicendo
743 2008 966 2050 maledixi:
999 2007 1158 2049 Veniat
1195 2022 1307 2048 mors
1340 2021 1469 2062 super
1505 2006 1610 2055 illos,
1645 2012 1689 2047 et
1726 2006 1990 2048 descendant
2023 2005 2069 2046 in

528 2082 743 2122 infernum
777 2079 981 2120 viventes

616 2151 707 2205 Ego
740 2149 971 2203 Aelfeagus
1009 2145 1320 2188 Wintoniensis
1349 2145 1550 2187 ecclesiae
1585 2145 1809 2201 episcopus
1841 2145 1957 2187 illius
1989 2144 2069 2185 loci

529 2220 780 2261 adauctores
811 2218 916 2259 Jesu
950 2216 1123 2258 Christo
1155 2214 1415 2271 consignavi,
1447 2215 1663 2256 invasores
1694 2229 1850 2270 nempe
1882 2214 2069 2255 aeternis
2089 2233 2128 2263 25

530 2288 790 2331 cruciatibus
812 2286 983 2336 tradidi,
1005 2286 1176 2327 dicens:
1209 2285 1309 2326 Non
1337 2284 1394 2325 sit
1420 2284 1504 2325 illis
1535 2299 1630 2340 pax,
1653 2299 1739 2325 non
1768 2283 2069 2332 misericordia,

530 2374 616 2400 non
638 2358 788 2414 pietas
802 2356 876 2398 sed
898 2362 1034 2397 terror
1055 2355 1331 2404 infernorum,
1348 2353 1580 2395 crudelitas
1601 2368 1850 2409 paenarum,
1867 2352 2070 2409 impietas

531 2428 812 2471 cruciatuum.

619 2499 710 2554 Ego
747 2495 965 2538 Aescwius
1002 2494 1226 2551 episcopus
1264 2493 1490 2535 Dorcensis
1528 2492 1729 2534 ecclesiae
1767 2492 1871 2534 haec
1908 2492 2068 2549 adjeci:

533 2568 800 2609 Erubescant
841 2565 1130 2606 destructores
1171 2563 1411 2620 praesentis
1451 2562 1544 2612 loci,
1585 2568 1630 2603 et
1671 2562 1985 2603 conturbentur
2025 2561 2070 2602 in
2091 2580 2132 2611 30

532 2637 749 2680 saeculum
767 2634 924 2677 saeculi
943 2640 987 2675 et
1008 2633 1326 2675 confundantur
1342 2639 1386 2674 et
1408 2638 1598 2688 pereant,
1616 2632 1906 2673 benefactores
1922 2637 2071 2673 autem

532 2707 577 2748 in
598 2712 823 2748 aeternum
846 2704 1006 2746 vivant.

622 2776 713 2831 Ego
735 2774 922 2815 Adulfus
946 2773 1117 2829 praesul
1144 2772 1473 2814 Herefordensis
1495 2770 1697 2812 ecelesiae
1727 2771 1805 2812 hoc
1827 2770 1940 2812 idem
1968 2770 2072 2811 haec

534 2845 680 2886 dicens
701 2842 932 2884 affirmavi:
965 2841 1187 2883 Maledicti
1209 2840 1297 2881 sint
1322 2847 1514 2896 raptores
1536 2839 1652 2880 illius
1674 2845 1847 2880 sanctae
1869 2839 2071 2880 ecclesiae

535 2914 580 2955 in
606 2912 805 2955 omnibus
827 2911 1027 2967 operibus
1053 2911 1141 2952 suis
1167 2917 1210 2951 et
1236 2910 1281 2951 in
1309 2909 1509 2950 omnibus
1537 2909 1617 2950 viis
1643 2908 1732 2950 suis
1759 2915 1803 2949 et
1831 2908 1877 2949 in
1905 2908 2071 2949 cunctis
2093 2925 2130 2957 35

536 2980 916 3024 adiuventionibus
957 2980 1045 3021 suis
1085 2979 1239 3036 pravis,
1280 2979 1572 3020 benefactores
1614 2993 1713 3020 vero
1754 2993 1779 3019 a
1820 2977 1900 3019 deo
1941 2978 2070 3019 bene-

534 3052 744 3093 dicantur.

601 3178 621 3208 2
645 3186 818 3208 assumere
835 3176 889 3208 W.
996 3176 1035 3207 13
1059 3175 1189 3214 eritque
1206 3174 1239 3206 d.
1344 3175 1384 3206 16
1410 3174 1586 3206 Oswaldus
1601 3173 1654 3205 W.
1766 3173 1808 3204 20
1831 3172 2014 3204 Elfstanus
2031 3172 2070 3205 d:

537 3230 762 3262 Athelstanus
780 3229 830 3260 W.
935 3229 976 3258 24
1000 3228 1144 3265 Elfagus
1161 3227 1199 3258 d:
1224 3226 1398 3267 Alphegus
1415 3227 1468 3258 W.
1569 3228 1610 3259 29
1635 3226 1788 3257 Escwius
1805 3225 1843 3257 d:
1868 3225 2001 3256 Aswius
2019 3224 2072 3256 W.

538 3282 720 3313 Doreeens.
739 3280 779 3312 d:
804 3280 989 3311 DorocenS.
1008 3279 1058 3311 W.
1283 3280 1324 3310 33
1348 3278 1529 3318 Adulphus
1545 3278 1596 3310 W.
