2385 3891
178 553 229 583 Cf.
249 555 257 569 ⁴
270 551 443 585 Domesd.’

177 596 199 627 f.
218 596 270 628 90.

468 423 561 470 120
764 421 948 470 Flete's
983 420 1207 485 History
1244 422 1311 486 of
1346 421 1695 473 Westminster

551 546 703 587 Pateat
726 547 934 588 universis
956 547 1068 602 quod
1085 563 1161 589 nos
1179 548 1396 590 Walterus
1413 549 1690 605 permissione
1708 551 1854 592 divina
1870 552 2001 593 abbas

468 614 835 656 Westmonasterii
852 630 928 670 per
943 630 1163 658 assensum
1182 617 1316 659 totius
1330 625 1565 660 conventus
1583 620 1717 661 nostri
1731 621 2002 662 concedimus

463 688 507 724 et
529 688 675 724 tenore
698 684 989 738 praesentium
1012 685 1323 736 confirmamus
1345 687 1458 742 quod
1484 687 1660 729 sacrista
1688 696 1832 730 noster
1860 690 2001 731 West-

462 751 709 792 monasterii
731 752 805 807 qui
827 767 902 808 pro
923 758 1116 809 tempore
1139 754 1268 795 fuerit
1290 755 1469 811 recipiat
1492 756 1621 798 libras
1637 756 1680 797 iv
1697 757 2000 813 sterlingorum

462 820 514 860 de
548 820 745 862 domibus
779 821 823 862 in
852 822 1057 863 nundinis
1088 823 1225 864 sancti
1258 823 1455 865 Edwardi
1484 825 1719 881 pellipariis
1750 826 2038 883 assignatis:5

462 888 524 930 ita
558 895 701 930 tamen
736 891 849 946 quod
882 891 927 932 in
959 891 1144 933 crastino
1177 898 1349 934 sanctae
1379 893 1592 935 Barbarae
1622 894 1799 950 virginis
1825 895 2003 936 cuilibet

463 957 668 999 monacho
696 960 882 1014 professo
911 975 988 1016 per
1016 975 1168 1001 manus
1197 960 1302 1002 dicti
1334 962 1535 1004 sacristae
1567 962 1747 1019 singulis
1775 963 1899 1005 annis
1927 979 2002 1020 pro

460 1027 683 1082 speciebus
720 1029 912 1070 emendis
953 1029 1179 1072 duodecim
1220 1031 1384 1072 denarii
1426 1032 1687 1083 liberentur;
1737 1040 1782 1075 et
1823 1033 1858 1075 si
1899 1034 2002 1089 quid

460 1097 713 1139 remanserit
744 1098 796 1139 de
826 1098 946 1140 libris
974 1106 1160 1155 quatuor
1188 1101 1445 1157 supradictis
1474 1102 1543 1143 die
1571 1103 1768 1158 superius
1796 1109 2002 1145 annotato

459 1181 534 1221 pro
558 1166 655 1207 vino
673 1172 717 1208 et
734 1167 925 1222 pitancia
941 1168 1065 1210 cedat
1082 1168 1128 1209 in
1141 1184 1243 1210 usus
1260 1176 1507 1213 conventus.
1564 1171 1810 1213 ordinamus
1826 1172 2003 1228 insuper

459 1251 535 1292 per
565 1251 835 1279 communem
868 1253 1100 1289 assensum,
1133 1239 1245 1281 sicut
1277 1240 1473 1296 superius
1505 1247 1570 1283 est
1601 1257 1861 1298 expressum,
1889 1242 2001 1298 quod

459 1320 534 1361 pro
570 1312 714 1348 nostro
750 1307 1038 1350 anniversario
1074 1314 1171 1365 post
1204 1316 1386 1351 mortem
1424 1317 1613 1352 nostram
1647 1311 1691 1353 in
1728 1312 1843 1368 capis
1879 1311 2002 1353 annis

459 1375 640 1431 singulis
673 1377 936 1428 celebrando,
968 1379 1198 1420 conventui
1230 1380 1304 1435 qui
1338 1395 1413 1435 pro
1450 1386 1642 1437 tempore
1679 1382 1809 1423 fuerit
1847 1381 2002 1438 viginti

460 1459 621 1486 marcas
657 1446 709 1486 ad
747 1462 1017 1489 communem
1052 1448 1290 1490 utilitatem
1328 1456 1564 1492 conventus
1600 1466 1676 1507 per
1708 1466 1860 1493 manus
1896 1450 2000 1492 dicti

458 1514 659 1556 sacristae
680 1515 733 1557 de
755 1516 953 1559 domibus
975 1518 1109 1559 nostri
1129 1519 1299 1560 abbatis
1321 1535 1396 1575 pro
1423 1520 1653 1576 praedictis
1681 1520 1885 1562 nundinis
1908 1521 1999 1576 jam

459 1584 611 1626 erectis
648 1585 714 1626 vel
751 1585 795 1626 in
831 1593 1051 1642 posterum
1086 1588 1301 1644 erigendis
1334 1589 1449 1631 dicto
1485 1590 1716 1632 conventui
1753 1590 2001 1633 liberentur.

458 1650 790 1693 contradictores
817 1653 1046 1695 malevolos
1075 1660 1119 1695 et
1148 1655 1326 1697 rebelles
1356 1656 1621 1712 temporibus
1649 1657 1897 1698 successivis
1926 1672 2001 1698 nos

458 1727 501 1762 et
524 1735 671 1762 omnes
692 1721 901 1776 capellani
924 1722 969 1763 in
991 1723 1313 1780 consignatione
1335 1726 1628 1781 praesentium
1651 1727 1901 1768 assistentes
1930 1742 2000 1768 ex-

457 1790 856 1833 communicationis
874 1792 1044 1835 vinculo
1062 1793 1329 1836 innodamus.
1381 1801 1425 1837 et
1443 1802 1492 1837 ut
1506 1796 1611 1838 haec
1627 1796 1840 1838 ordinatio
1856 1803 2002 1838 nostra

456 1862 584 1903 robur
605 1861 799 1903 obtineat
821 1869 1055 1919 perpetuae
1076 1864 1308 1915 firmitatis,
1334 1865 1476 1922 sigilla
1502 1873 1647 1908 nostra
1674 1867 1926 1909 authentica
1956 1874 2000 1909 et

455 1929 699 1971 communia
720 1931 1019 1986 praesentibus
1041 1939 1143 1975 sunt
1160 1949 1359 1990 appensa.
1421 1934 1571 1976 datum
1590 1935 1634 1976 in
1651 1935 1839 1992 capitulo
1856 1943 2000 1978 nostro

458 1999 829 2041 Westmonasterii
851 2000 920 2042 die
941 2002 1078 2043 sancti
1101 2003 1290 2045 Thomae
1312 2004 1506 2059 apostoli,
1533 2020 1644 2046 anno
1673 2005 1835 2046 domini
1862 2005 1998 2047 mille-

456 2068 563 2109 simo
587 2069 842 2112 cclxxxviii0.

544 2138 600 2180 Et
618 2139 785 2181 vacavit
802 2139 978 2182 abbatia
994 2141 1214 2197 praedicta
1235 2157 1311 2198 per
1333 2150 1514 2186 mortem
1531 2144 1636 2186 dicti
1652 2145 1822 2187 abbatis
1839 2145 1999 2187 ibidem

456 2222 532 2263 per
552 2208 658 2251 duos
679 2225 812 2251 annos
834 2210 1024 2268 integros
1046 2218 1090 2253 et
1108 2212 1178 2253 xvi
1201 2213 1475 2269 septimanas,
1491 2215 1690 2257 videlicet
1706 2231 1731 2257 a
1752 2215 1820 2257 die
1843 2215 1999 2257 natalis

456 2277 618 2318 domini
641 2293 752 2319 anno
781 2279 901 2334 regni
930 2280 1042 2336 regis
1072 2281 1269 2323 Edwardi
1291 2282 1368 2323 filii
1391 2283 1504 2340 regis
1527 2284 1721 2325 Edwardi
1745 2285 1894 2340 primo,
1915 2300 1998 2341 quo

456 2345 524 2387 die
547 2346 637 2402 ipse
659 2347 790 2389 abbas
812 2348 931 2398 obiit,
948 2354 998 2390 ut
1019 2355 1141 2405 patet
1163 2365 1239 2406 per
1258 2350 1387 2392 breve
1409 2352 1521 2408 regis
1543 2353 1665 2408 cujus
1687 2354 1788 2395 data
1810 2360 1874 2395 est
1897 2360 1999 2395 xxx⁰

458 2415 527 2456 die
564 2416 814 2458 Decembris
847 2433 958 2458 anno
994 2418 1224 2474 praedicto,
1251 2435 1384 2477 usque
1418 2422 1576 2464 festum
1605 2423 1742 2465 sancti
1776 2423 1999 2465 Michaelis

456 2485 649 2540 proxime
671 2501 865 2542 sequens,
880 2487 1080 2530 videlicet
1097 2504 1209 2530 anno
1223 2490 1408 2532 secundo
1422 2491 1656 2547 incipiente
1672 2509 1680 2543 ;
1712 2498 1756 2534 et
1777 2493 1831 2534 ab
1849 2493 1997 2535 eodem

457 2551 564 2592 festo
592 2552 729 2594 sancti
752 2553 975 2595 Michaelis
996 2569 1107 2596 anno
1129 2556 1314 2597 secundo
1339 2572 1472 2613 usque
1494 2557 1608 2599 idem
1631 2559 1788 2600 festum
1805 2560 1997 2615 proxime

455 2636 647 2676 sequens,
666 2622 866 2664 videlicet
888 2639 999 2665 anno
1017 2625 1146 2666 tertio
1163 2625 1409 2682 incipiente,
1427 2633 1471 2669 et
1492 2628 1546 2669 ab
1564 2629 1713 2670 eodem
1731 2629 1838 2671 festo
1860 2630 1997 2671 sancti

457 2690 680 2734 Michaelis
721 2708 833 2734 anno
875 2694 1003 2736 tertio
1044 2694 1278 2751 incipiente
1320 2712 1455 2753 usque
1497 2699 1643 2739 xxvtum
1681 2698 1794 2740 diem
1836 2699 1997 2755 Aprilis

454 2760 646 2815 proxime
681 2768 931 2817 sequentem
948 2777 956 2814 3
991 2769 1224 2819 antequam
1258 2765 1459 2808 liberaret
1494 2768 1746 2823 temporalia
1779 2769 1998 2824 praedicta

455 2828 574 2870 fratri
598 2829 810 2871 Richardo
831 2831 883 2872 de
907 2831 1170 2888 Kedyngton
1188 2833 1232 2874 in
1253 2835 1455 2876 abbatem
1479 2836 1671 2892 ejusdem
1695 2837 1773 2878 loci
1795 2838 1930 2879 electo
1953 2844 1997 2880 et

454 2898 702 2940 confirmato
724 2914 800 2955 per
821 2900 947 2941 breve
970 2901 1081 2956 regis
1106 2908 1270 2957 patens,
1293 2911 1342 2945 ut
1364 2910 1485 2960 patet
1507 2905 1551 2946 in
1573 2912 1768 2961 compoto
1784 2907 1813 2948 J
1817 2907 1996 2949 ohannis

456 2964 490 3005 F
493 2965 642 3021 oxeley
658 2967 846 3009 custodis
863 2968 1166 3023 temporalium
1183 2971 1382 3013 abbatiae
1404 2972 1647 3028 praedictae
1664 2973 1709 3014 in
1731 2989 1861 3016 manu
1884 2975 1996 3032 regis

455 3033 748 3085 existentium,
770 3041 820 3077 ut
837 3042 958 3092 patet
975 3037 1018 3078 in
1042 3053 1197 3094 magno
1213 3041 1353 3082 rotulo
1375 3041 1427 3082 de
1448 3056 1560 3083 anno
1577 3042 1643 3083 iii⁰
1658 3043 1866 3098 praedicti
1884 3044 1996 3100 regis

457 3104 654 3145 Edwardi
675 3105 753 3146 filii
775 3106 887 3163 regis
910 3107 1119 3158 Edwardi,
1140 3110 1281 3151 rotulo
1302 3117 1607 3167 compotorum.

697 3258 736 3289 16
760 3259 827 3298 vel]
843 3262 876 3291 et
893 3259 944 3292 W.
1300 3265 1339 3295 18
1363 3265 1466 3306 capffi
1483 3265 1522 3304 d;
1547 3266 1692 3306 capituli
1709 3266 1762 3298 W.

2024 1188 2063 1210 10

2021 1888 2061 1910 ‘20

2018 2581 2058 2611 30

2017 2926 2055 2956 35
