2385 3891
222 1433 459 1473 Composition

222 1477 259 1507 of
273 1486 339 1507 A.D.
359 1477 454 1507 1231.

221 1519 272 1550 Cf.
292 1520 449 1550 ‘Domes-

221 1562 303 1603 day’
321 1563 343 1596 f.
364 1564 464 1596 4041).

221 1935 449 1966 Commission

222 1979 258 2009 of
273 1979 362 2019 Pope

223 2022 373 2062 Gregory
391 2023 437 2053 IX

223 2144 403 2184 regarding
419 2145 477 2175 the

223 2192 349 2219 rectors
366 2189 403 2218 of

224 2231 477 2268 Wandsworth,

224 2277 402 2307 Battersea
419 2275 487 2307 and

225 2319 380 2350 Chelsea.

232 3117 272 3147 29
284 3116 385 3153 June,
399 3117 492 3147 1230.

506 407 568 450 66
810 400 991 449 Flete's
1026 399 1088 447 H
1090 397 1250 460 {story
1289 397 1356 460 of
1391 395 1453 444 W
1451 394 1743 444 estwm'nstcr

504 527 633 568 unius
659 526 791 567 librae
818 540 946 581 quam
972 524 1129 565 donare
1158 528 1334 564 tenetur
1360 521 1573 578 piscatori,
1596 521 1662 562 vel
1687 536 1762 577 pro
1783 520 1971 562 candelis
1992 518 2045 560 de

505 596 672 637 duabus
693 594 883 636 dimidiis
905 593 1024 635 libris
1046 608 1151 649 quas
1173 592 1352 633 donabit
1373 591 1541 633 duobus
1558 591 1681 632 sociis
1698 591 1798 640 suis,
1815 590 1850 632 si
1872 589 2044 637 fuerint,

507 665 684 706 habebit
710 663 938 705 dimidium
961 668 1092 718 caput
1118 662 1248 718 hujus
1276 661 1404 718 piscis
1431 667 1475 702 et
1503 660 1556 702 de
1585 660 1784 715 sequenti
1811 658 2044 700 medietate

505 736 585 776 sub
625 735 800 775 brancia
846 739 1057 789 quantum
1108 732 1355 774 latitudinis
1396 737 1484 772 tres
1525 729 1654 786 digiti
1697 729 1762 770 vel
1810 729 1878 769 ala
1918 728 2046 784 piscis

505 802 783 858 amplectitur
818 801 1101 843 extendendo.
1163 801 1245 842 iste
1284 800 1413 856 piscis
1446 814 1543 840 cum
1581 797 1711 839 fuerit
1741 803 1887 839 coctus
1917 797 2046 838 debet
2068 812 2083 841 5

505 872 550 912 in
578 870 803 926 parapside
834 885 912 926 per
945 869 1135 911 medium
1168 867 1383 910 refectorii
1416 882 1551 923 usque
1579 867 1631 908 ad
1663 881 1853 908 mensam
1881 866 2048 914 deferri,

505 941 573 982 cui
610 940 740 981 debet
773 939 888 996 prior
925 945 969 980 et
1007 954 1155 980 omnes
1191 938 1429 980 residentes
1466 938 1509 978 in
1549 937 1622 978 illa
1658 937 1782 978 domo
1815 951 2046 992 assurgere.

505 1010 736 1066 piscatores
796 1009 925 1050 etiam
987 1009 1040 1050 ad
1095 1024 1287 1050 mensam
1346 1007 1498 1064 prioris
1555 1007 1703 1048 eodem
1760 1006 1830 1048 die
1887 1005 2048 1047 debent

506 1080 742 1127 comedere,
781 1085 825 1120 et
866 1086 964 1135 post
1006 1078 1236 1134 prandium
1277 1078 1330 1119 de
1366 1076 1567 1118 celerario
1603 1076 1768 1132 justam
1806 1080 1850 1116 et
1891 1089 2044 1131 panem

506 1150 673 1191 habere.
735 1155 779 1190 et
830 1148 926 1189 ideo
967 1148 1098 1189 debet
1144 1147 1259 1188 idem
1301 1145 1531 1188 celerarius
1581 1145 1635 1186 de
1677 1144 1814 1185 cauda
1853 1142 2046 1199 ejusdem
2070 1158 2108 1179 10

507 1219 632 1275 piscis
673 1224 885 1274 quantum
923 1217 965 1258 iv
1006 1216 1132 1273 digiti
1171 1232 1268 1258 cum
1310 1215 1463 1272 pollice
1499 1220 1640 1256 erecto
1677 1228 1827 1270 capere
1868 1218 2048 1269 possunt

507 1288 673 1329 habere.

593 1424 803 1480 Sequitur
842 1423 1053 1479 quaedam
1090 1422 1343 1478 compositio
1384 1422 1437 1463 de
1479 1421 1765 1463 decimatione
1807 1421 2046 1462 salmonum

507 1495 619 1535 facta
669 1509 745 1550 per
785 1492 991 1549 quosdam
1037 1491 1206 1548 judices
1248 1491 1469 1546 delegatos
1512 1506 1562 1532 ex
1606 1490 1810 1532 mandato
1851 1489 2047 1546 Gregorii

506 1579 653 1620 papae.
2071 1579 2106 1608 15

592 1650 816 1693 Universis
848 1655 1019 1691 sanctae
1053 1649 1203 1689 matris
1234 1648 1436 1689 ecclesiae
1473 1648 1576 1688 filiis
1607 1662 1808 1703 praesens
1839 1646 2047 1702 scriptum

505 1720 762 1776 inspecturis
791 1720 839 1762 R.
863 1726 906 1761 et
934 1719 982 1760 R.
1005 1718 1057 1760 de
1085 1723 1233 1760 sancto
1259 1718 1429 1759 Albano
1456 1723 1500 1758 et
1529 1717 1582 1758 de
1609 1716 1852 1772 Dunstaple
1883 1715 2044 1771 priores

505 1796 548 1831 et
577 1789 898 1830 archidiaconus
927 1788 979 1829 de
1008 1794 1155 1829 sancto
1187 1787 1356 1828 Albano
1388 1787 1573 1828 salutem
1603 1786 1647 1827 in
1676 1785 1859 1827 domino.
1921 1785 2044 1826 Man-

505 1860 656 1900 datum
688 1858 851 1899 domini
882 1872 1019 1913 papae
1051 1856 1317 1912 suscepimus
1350 1856 1393 1897 in
1426 1856 1531 1897 haec
1564 1855 1715 1897 verba:

592 1928 824 1984 Gregorius
856 1927 1090 1983 episcopus,
1119 1941 1266 1968 servus
1297 1941 1518 1967 servorum
1550 1925 1632 1975 dei,
1660 1925 1829 1967 dilectis
1859 1924 1960 1966 filiis
1990 1924 2043 1966 de
2071 1939 2109 1961 20

504 2004 650 2039 sancto
697 1997 866 2038 Albano
907 2002 951 2037 et
997 1995 1049 2036 de
1096 1995 1339 2051 Dunstaple
1386 1994 1611 2051 prioribus,
1653 1994 1949 2036 archidiacono
1990 1993 2044 2034 de

505 2073 651 2108 sancto
683 2066 852 2107 Albano
884 2064 1194 2106 Lincolniensis
1222 2063 1447 2113 dioceseos,
1477 2064 1659 2105 salutem
1692 2069 1735 2105 et
1767 2063 2044 2120 apostolicam

508 2135 865 2177 benedictionem.
918 2133 1077 2174 Dilecti
1095 2132 1185 2181 filii,
1201 2133 1334 2173 abbas
1351 2138 1394 2174 et
1411 2138 1647 2173 conventus
1666 2131 2049 2181 Westmonasterii,

509 2204 631 2246 nobis
662 2202 959 2259 conquerendo
989 2206 1283 2242 monstrarunt
1315 2201 1428 2256 quod
1460 2201 1512 2241 de
1542 2200 1892 2242 VVendesworthe
1924 2206 1968 2242 et
1996 2200 2048 2242 de

508 2273 810 2328 Batricheseye
840 2278 883 2313 et
915 2270 1145 2313 Chelchith
1178 2270 1451 2312 ecclesiarum
1482 2276 1666 2311 rectores
1696 2275 1740 2311 et
1770 2269 1844 2310 alii
1872 2269 2047 2325 quidam
2072 2284 2108 2315 25

510 2341 831 2390 VVintoniensis,
868 2339 1178 2381 Londonicnsis
1212 2347 1256 2381 et
1293 2339 1603 2381 Lincolniensis
1640 2339 1885 2386 diocesinm,
1921 2354 2049 2395 super

509 2412 685 2453 decimis
726 2417 770 2452 et
810 2409 1147 2466 possessionibus
1188 2416 1232 2451 et
1273 2409 1400 2451 rebus
1440 2408 1536 2451 aliis
1572 2409 1836 2465 injuriantur
1876 2409 2047 2450 eisdem.

509 2479 705 2536 quocirca
737 2478 984 2520 discretioni
1019 2484 1184 2519 vestrae
1225 2493 1301 2534 per
1334 2477 1566 2534 apostolica
1601 2478 1760 2533 scripta
1796 2477 2049 2519 mandamus

511 2556 735 2607 quatenus
772 2548 968 2605 partibus
1009 2547 1241 2604 praedictis
1279 2547 1531 2597 convocatis,
1568 2547 1755 2589 audiatis
1797 2561 1967 2588 causam
2005 2551 2048 2588 et

510 2619 798 2676 appellatione
840 2624 1004 2659 remota
1044 2618 1128 2659 fine
1174 2617 1321 2659 debito
1364 2617 1629 2668 terminetis3
1681 2616 1884 2658 facientes
1935 2616 2048 2672 quod
2071 2631 2112 2662 30

511 2690 753 2731 statueritis
804 2704 880 2744 per
929 2703 1153 2730 censuram
1205 2687 1538 2728 ecclesiasticam
1590 2686 1774 2727 firmiter
1824 2685 2049 2728 observari.

516 2765 649 2801 testes
699 2766 846 2800 autem
899 2758 972 2813 qui
1026 2757 1185 2798 fuerint
1227 2756 1450 2805 nominati,
1492 2756 1526 2797 si
1568 2771 1612 2797 se
1653 2755 1804 2812 gratia,
1846 2755 1942 2796 odio
1983 2754 2049 2796 vel

514 2830 667 2870 timore
704 2828 1009 2877 subtraxerint,
1046 2843 1123 2883 per
1157 2842 1380 2868 censuram
1417 2827 1595 2868 eandem
1633 2833 1826 2867 cessante
1862 2825 2049 2880 appella-

516 2899 631 2939 tione
672 2898 834 2953 cogatis
876 2897 1049 2939 veritati
1093 2896 1390 2938 testimonium
1432 2896 1669 2952 perhibere.
1735 2895 1847 2951 quod
1888 2894 1923 2935 si
1966 2909 2049 2936 non

516 2983 662 3008 omnes
700 2967 765 3008 his
807 2967 1089 3023 exsequendis
1126 2966 1355 3023 potueritis
1396 2966 1614 3014 interesse,
1647 2965 1732 3006 duo
1772 2970 1964 3005 vestrum
2001 2980 2049 3005 eo
2071 2983 2110 3013 35

514 3036 794 3078 nihilominus
836 3042 1138 3092 exsequantur.
1219 3035 1369 3077 datum
1418 3034 1634 3084 Laterani,
1675 3033 1804 3076 tertio
1844 3032 2050 3075 kalendas

513 3107 540 3147 J
546 3106 634 3155 ulii,
664 3106 941 3162 pontificatus
971 3105 1105 3147 nostri
1136 3120 1248 3146 anno
1279 3104 1350 3146 iv0.

581 3199 597 3228 1
623 3197 742 3228 donari
759 3196 800 3227 W
819 3197 875 3236 Sp.
986 3197 1006 3227 8
1029 3206 1068 3228 eo
1085 3196 1137 3228 W.
1251 3197 1291 3226 12
1315 3195 1456 3235 habere]
1472 3195 1626 3226 obtinere
1644 3194 1700 3235 Sp.
1810 3194 1851 3224 24
1875 3191 2048 3224 Wendles-

514 3248 599 3280 wrth
617 3248 646 3281 d.
785 3248 824 3279 25
850 3247 988 3291 Chileye
1005 3247 1036 3283 d.
1174 3249 1214 3281 29
1238 3247 1438 3288 praedictis]
1455 3257 1514 3279 om.
1536 3246 1568 3278 d.
1701 3246 1742 3277 32
1767 3245 1907 3276 fuerunt
1922 3244 1976 3276 W.
