2385 3891
243 556 310 590 †19
323 556 505 589 Oct.1049.

243 1038 376 1069 Edwin.

245 1525 431 1564 Exchange
447 1525 484 1555 of

243 1569 414 1601 W’indsor.

244 1613 295 1643 Cf.
316 1612 475 1643 ‘Domes-

244 1655 325 1695 day'
342 1657 365 1686 f.
385 1657 436 1687 51.

243 2153 357 2185 Death
374 2154 410 2184 of

245 2198 284 2228 St
300 2197 456 2235 Edward,

243 2242 262 2271 5
280 2241 358 2271 Jan.
379 2241 472 2271 1066.

244 2284 294 2315 Cf.
312 2283 437 2323 Ailred,

243 2327 318 2358 Life
334 2328 371 2358 of

245 2371 283 2401 St
300 2370 447 2401 Edward

246 2414 391 2454 (Twysd.
409 2413 472 2445 col.

245 2458 332 2497 402).

530 429 593 474 82
836 425 1018 474 Flete's
1054 424 1277 487 History
1314 424 1380 486 os
1419 422 1765 472 Westminster

617 551 744 591 Pater
764 555 911 590 autem
934 548 1015 589 iste
1039 547 1128 588 xix⁰
1145 547 1213 588 die
1235 547 1394 589 mensis
1417 546 1628 595 Octobris,
1650 547 1772 603 regni
1802 562 1899 589 vero
1928 546 2065 588 sancti

529 620 641 675 regis
668 619 865 660 Edwardi
890 633 1002 658 anno
1031 617 1152 672 quasi
1184 617 1380 673 septimo,
1402 632 1498 658 cum
1528 616 1784 672 praefuisset
1814 616 1953 657 eidem
1975 616 2065 657 1000

529 688 652 729 annis
683 694 785 728 xxx⁰
816 687 993 735 duobus,
1015 692 1059 727 et
1090 701 1202 727 anno
1233 685 1472 727 dominicae
1503 685 1809 726 incarnationis
1840 685 2066 727 millesimo

529 756 855 812 quadragesimo
877 770 999 804 nono,
1021 754 1225 810 migravit
1246 755 1299 795 ad
1322 755 1462 796 deum.
1524 754 1646 810 cujus
1668 753 1856 795 animam
1879 754 1921 795 in
1948 769 2065 795 sanc-

530 836 670 868 torum
708 825 885 881 collegio
921 824 1135 866 credimus
1176 824 1448 874 collocatam3
1488 838 1617 879 quem
1654 823 1759 864 deus
1796 823 2067 879 omnipotens

529 896 663 938 tantis
691 911 739 937 ac
772 895 933 937 talibus
967 894 1202 936 virtutibus
1233 893 1535 950 multipliciter
1565 893 1793 943 decoravit,
1824 908 1872 934 ac
1901 908 2066 934 morum

528 966 754 1007 honestate
777 965 1009 1021 insigniter
1029 964 1263 1006 adornavit.

615 1035 680 1076 De
703 1034 881 1076 Edwino
901 1034 1069 1077 abbate.

617 1104 820 1146 Edwinus
861 1104 994 1145 abbas
1034 1103 1234 1145 habitum
1272 1104 1565 1145 monachalem
1602 1103 1647 1144 in
1686 1102 2067 1144 Westmonasterio

528 1173 762 1229 suscipiens
784 1179 1000 1214 crescente
1021 1178 1165 1214 aetate
1189 1172 1323 1213 crevit
1345 1178 1389 1214 et
1412 1172 1585 1213 virtute.
1633 1171 1808 1213 tandem
1833 1171 2068 1213 Wulnotho

528 1243 684 1284 abbate
707 1242 908 1283 defuncto
931 1241 1092 1283 electus
1115 1247 1180 1282 est
1206 1240 1250 1282 in
1279 1241 1481 1282 abbatem
1511 1240 1703 1296 ejusdem
1736 1240 1827 1290 loci,
1850 1239 2068 1281 mediante

528 1313 655 1353 beato
691 1327 790 1368 rege
823 1311 1041 1353 Edwardo.
1104 1311 1172 1352 hic
1203 1325 1359 1367 genere
1390 1309 1611 1366 Anglicus,
1645 1310 1708 1350 vir
1739 1309 1913 1365 quidem
1945 1308 2067 1350 valde

530 1381 766 1422 laudabilis.
828 1380 870 1421 in
905 1380 1028 1435 cujus
1059 1386 1252 1434 tempore
1284 1394 1309 1419 a
1340 1378 1514 1434 regibus
1544 1378 1752 1419 Edwardo
1781 1383 1825 1419 et
1854 1378 2068 1419 Willelmo

529 1449 705 1491 ecclesia
727 1449 947 1505 praedicta
968 1448 1229 1490 sufficienter
1250 1454 1342 1490 erat
1364 1448 1525 1497 dotata,
1541 1447 1804 1504 possessione
1822 1448 1874 1489 de
1894 1447 2067 1488 Winde-

530 1520 665 1560 lesora
705 1519 750 1559 in
790 1518 885 1559 aliis
931 1518 1270 1574 possessionibus
1310 1533 1387 1574 per
1428 1517 1570 1574 ipsum
1613 1533 1758 1574 regem
1804 1517 2067 1559 Willelmum

530 1594 711 1637 mutata,
743 1595 792 1629 ut
825 1588 870 1629 in
903 1588 1040 1644 prima
1071 1588 1219 1629 charta
1250 1588 1443 1643 ejusdem
1472 1587 1585 1642 regis
1616 1586 1848 1635 invenitur,
1869 1602 1978 1642 quae
2010 1586 2069 1628 sic

529 1658 705 1714 incipit:
757 1658 810 1699 In
862 1658 1034 1699 nomine
1083 1663 1256 1699 sanctae
1305 1663 1349 1699 et
1396 1656 1645 1698 individuae
1694 1656 1917 1705 trinitatis,
1958 1672 2069 1697 anno

530 1728 767 1769 dominicae
805 1726 1111 1768 incarnationis
1148 1727 1375 1768 millesimo
1412 1726 1545 1774 lxvii0,
1582 1741 1661 1781 ego
1705 1726 1957 1776 Willelmus,
1991 1731 2070 1768 etc.

530 1804 574 1838 et
605 1797 737 1838 infra:
770 1797 823 1838 In
851 1796 1001 1852 primis
1030 1796 1166 1852 igitur
1196 1811 1292 1837 cum
1326 1810 1532 1837 consensu
1565 1801 1609 1836 et
1642 1796 1783 1836 favore
1815 1795 2071 1837 venerabilis

531 1866 698 1907 Edwini
719 1866 889 1908 abbatis
911 1872 954 1907 et
977 1866 1112 1907 totius
1133 1872 1369 1907 conventus
1390 1865 1526 1920 ipsius
1548 1865 1624 1906 loci
1644 1865 1971 1907 conventionem
1990 1865 2070 1907 feci

528 1937 579 1977 de
602 1936 719 1993 regia
740 1935 1003 1992 possessione
1028 1936 1351 1977 Windelesoran
1372 1934 1499 1984 dicta,
1522 1942 1601 1977 etc.

618 2005 701 2046 Hic
718 2005 782 2045 vir
798 2004 912 2046 vitae
935 2004 1191 2046 venerabilis
1212 2003 1399 2060 praefuit
1423 2003 1522 2045 huic
1540 2004 1641 2053 loco,
1659 2004 1797 2060 magis
1810 2004 2069 2060 proficiendo

530 2089 658 2129 quam
692 2073 986 2129 praeessendO,
1018 2073 1088 2114 xix
1121 2073 1244 2114 annis
1276 2079 1321 2114 et
1349 2072 1545 2128 amplius.
1607 2073 1731 2128 cujus
1761 2088 1873 2114 anno
1905 2073 2069 2114 decimo

529 2143 713 2199 septimo
735 2148 908 2183 sanctus
936 2157 1009 2183 rex
1040 2141 1275 2183 Edwardus
1307 2148 1351 2183 et
1380 2141 1544 2184 Christi
1571 2143 1782 2183 confessor
1810 2142 1919 2183 obiit
1946 2142 2069 2184 nonis

528 2211 727 2254 Januarii
758 2211 803 2251 in
835 2210 983 2266 vigilia
1015 2210 1282 2266 Epiphaniae
1315 2209 1502 2251 domini:
1538 2226 1636 2251 cum
1668 2226 1751 2266 quo
1783 2216 1876 2252 tota
1907 2211 2070 2266 pariter

529 2282 768 2337 Anglorum
811 2280 992 2322 felicitas
1033 2280 1133 2329 ruit,
1166 2279 1297 2336 periit
1334 2279 1522 2329 libertas,
1561 2279 1679 2335 vigor
1715 2280 1852 2321 omnis
1889 2280 2068 2323 interiit.

530 2350 659 2406 hujus
684 2349 727 2390 in
758 2348 972 2404 exsequiis
997 2354 1147 2390 assunt
1178 2348 1414 2404 pontifices,
1445 2347 1713 2389 sacerdotum
1746 2354 1790 2390 et
1822 2348 2068 2390 clericorum

530 2421 728 2475 frequens
749 2419 877 2460 turba
898 2418 1123 2467 concurrit,
1140 2418 1269 2459 duces
1291 2417 1412 2473 regni
1434 2433 1530 2459 cum
1553 2417 1782 2459 comitibus
1804 2419 2068 2474 proceribus-

529 2504 611 2545 que
643 2488 916 2538 conveniunt,
944 2488 1118 2544 agmina
1149 2488 1371 2529 confluunt
1404 2488 1721 2537 monachorum,
1743 2488 2069 2531 innumerabilis

530 2556 765 2597 multitudo
807 2555 1032 2611 utriusque
1074 2571 1200 2597 sexus
1241 2555 1293 2597 de
1335 2554 1438 2596 vicis
1480 2563 1524 2596 et
1565 2555 1815 2597 civitatibus
1863 2556 1916 2597 ad
1957 2557 2069 2612 regis

530 2626 752 2681 exsequias
792 2626 1082 2667 convolarunt.
1144 2625 1243 2666 hinc
1278 2624 1430 2681 psalmi
1468 2632 1679 2675 resonant,
1712 2625 1830 2666 illinc
1870 2625 2070 2668 lacrimae

529 2697 803 2753 gemitusque
824 2702 1112 2752 prorumpunt
1130 2713 1136 2736 :
1160 2695 1320 2751 ubique
1338 2695 1496 2751 gaudia
1518 2695 1654 2736 mixta
1675 2695 1828 2738 dolore.
1870 2696 2070 2738 deferunt

529 2767 582 2808 ad
606 2765 825 2807 ecclesiam
848 2765 955 2806 illud
983 2765 1219 2821 pudicitiae
1249 2765 1474 2821 templum,
1500 2764 1673 2806 virtutis
1705 2765 1993 2815 domicilium3
2026 2772 2070 2808 et

530 2836 573 2876 in
605 2835 695 2876 loco
726 2850 809 2889 quo
841 2834 932 2890 ipse
960 2834 1207 2875 decreverat
1237 2834 1466 2875 honorifice
1492 2833 1710 2889 sepelitur.
1773 2834 1877 2875 haec
1906 2834 1949 2875 in
1979 2834 2070 2876 vita

531 2902 722 2958 ejusdem
745 2901 867 2957 regis.

617 2972 778 3012 Verum
820 2971 956 3026 igitur
994 2971 1240 3027 praedictus
1276 2977 1400 3027 pater
1435 2978 1478 3012 et
1516 2976 1661 3026 pastor
1696 2986 1823 3026 quem
1860 2971 2069 3013 dilexerat

531 3041 748 3082 viventem
771 3040 1016 3096 requirebat
1046 3046 1277 3089 mortuum,
1298 3039 1507 3096 praedicti
1536 3039 1649 3096 regis
1677 3039 1834 3081 cotidie
1857 3039 2070 3082 visitando

595 3165 614 3194 3
639 3164 786 3205 duobus]
803 3175 823 3196 a
839 3165 1026 3197 correction
1042 3165 1079 3197 in
1096 3165 1138 3197 D.
1323 3166 1342 3196 4
1366 3167 1473 3205 nono]
1490 3175 1509 3197 a
1526 3165 1714 3197 correction
1732 3164 1768 3196 in
1785 3165 1815 3196 D
1834 3165 1928 3207 (does
1945 3167 2005 3197 not
2022 3166 2071 3197 fill

531 3217 654 3257 space).
832 3218 873 3248 23
897 3217 969 3258 xix]
986 3216 1108 3258 viginti
1124 3217 1154 3248 D
1172 3219 1242 3257 (sed
1259 3218 1296 3248 in
1312 3227 1416 3257 marg.
1434 3216 1517 3258 xix).
1686 3217 1727 3248 30
1750 3216 1851 3248 mult.
1869 3218 1935 3249 utr.
1954 3218 2070 3258 sexus]

528 3268 612 3300 Ail.:
638 3278 698 3299 om.
716 3267 800 3299 DW.

2092 1185 2129 1206 10

2091 1880 2131 1902 20

2091 2577 2132 2607 30

2091 2921 2128 2951 35
