2385 3891
249 1026 321 1058 The
337 1026 432 1066 signs

248 1071 285 1101 of
299 1070 357 1101 the
429 1114 434 1119 Π

247 1119 495 1146 conseeratlon.

248 1598 320 1630 The
338 1598 471 1638 apostle

247 1643 411 1673 instructs
427 1641 486 1673 the

248 1685 433 1717 fisherman
440 1711 447 1724 ,

253 2412 324 2444 and
342 2412 443 2443 sends

252 2455 326 2486 him
343 2458 380 2487 to

254 2499 417 2533 Melli'tus.

530 414 595 458 44
844 409 1026 459 Flete's
1057 407 1282 471 History
1319 406 1384 470 of
1421 405 1769 455 Westminster

530 542 677 578 autem
693 536 803 577 facto
821 541 995 576 sanctus
1011 533 1205 590 pontifex
1227 532 1437 588 piscatore
1455 531 1610 572 nuntio
1631 546 1656 572 a
1677 537 1823 573 sancto
1843 532 1969 572 Petro
1992 531 2070 571 hoc

532 605 785 647 mandatum
814 604 990 659 accepit,
1015 608 1063 644 ut
1091 602 1312 644 ecclesiam
1335 617 1360 642 a
1381 616 1425 642 se
1448 600 1690 641 dedicatam
1719 599 1962 641 rededicare
1984 614 2069 640 non

531 679 834 730 praesumeret,
862 673 984 729 signa
1012 671 1295 713 dedicationis
1328 670 1527 712 universa
1554 669 1795 726 reperiens;
1827 670 1901 711 sed
1933 675 2068 711 trans-

532 745 692 786 fretans
714 742 1038 795 (inaccessibilis
1067 742 1227 798 quippe
1249 741 1410 797 absque
1433 739 1605 795 navigio
1627 739 1818 795 undique
1841 745 1932 780 erat
1954 739 2070 780 locus

531 814 623 866 ille)
644 820 688 854 et
710 812 832 868 signa
863 810 1146 852 dedicationis
1170 810 1330 859 videns,
1351 809 1465 865 quod
1486 809 1690 857 restabat,
1711 808 1874 849 scilicet
1896 807 2070 849 missam
2091 823 2108 853 5

531 883 777 930 celebraret,
794 881 1121 938 paenitentibus
1142 896 1218 936 pro
1240 879 1417 921 arbitrio
1435 878 1678 920 afflictionis
1700 877 1791 919 dies
1812 877 2069 933 indulgeret,

532 958 576 994 et
597 951 656 993 sic
677 950 813 991 finitis
835 949 1034 991 omnibus
1056 948 1125 990 dei
1148 954 1191 990 et
1223 963 1345 989 suam
1375 946 1718 989 benedictionem
1751 947 1908 1002 populo
1936 946 2068 987 daret.

531 1021 654 1077 signa
689 1025 835 1061 autem
873 1018 1156 1060 dedicationis
1188 1018 1292 1059 haec
1323 1023 1468 1068 erant,
1510 1016 1696 1072 parietes
1732 1015 1990 1057 intrinsecus
2026 1021 2071 1057 et

532 1097 653 1132 extra
685 1089 858 1139 madidi,
880 1090 1021 1130 oleum
1054 1096 1098 1130 et
1127 1104 1271 1130 cruces
1302 1088 1345 1128 in
1376 1087 1480 1144 ipsis
1511 1086 1707 1142 cereique
1736 1085 2071 1135 semicombusti,

531 1160 811 1216 alphabetum
845 1164 1078 1214 utrumque
1106 1173 1307 1214 graecum
1340 1164 1384 1198 et
1413 1156 1598 1198 latinum
1628 1156 1673 1197 in
1701 1155 1810 1197 atrio
1839 1155 2071 1211 depictum,
2095 1174 2133 1195 10

532 1244 688 1285 magna
725 1243 837 1284 aqua
873 1243 898 1268 a
933 1232 1080 1269 sancto
1120 1227 1245 1268 Petro
1281 1226 1510 1267 benedicta
1545 1225 1587 1266 in
1631 1224 1782 1274 medio,
1814 1225 1948 1266 altare
1981 1224 2072 1265 oleo

531 1299 765 1355 perfusum,
787 1296 1008 1338 incensum
1039 1296 1082 1336 in
1115 1295 1207 1351 ipso
1236 1295 1362 1336 altari
1394 1310 1522 1351 super
1554 1302 1640 1336 tres
1668 1309 1813 1335 cruces
1845 1293 1889 1334 in
1922 1293 2069 1335 eodem

533 1369 722 1424 sculptas
754 1367 1149 1415 semicombustum,
1181 1366 1303 1421 cujus
1335 1365 1548 1421 reliquum
1582 1371 1686 1406 tunc
1718 1364 1923 1420 temporis
1955 1363 2072 1405 illius

532 1437 610 1479 loci
650 1436 845 1478 monachi
882 1435 1051 1477 noviter
1087 1435 1266 1476 adunati
1302 1434 1535 1490 diligenter
1571 1434 1797 1475 collectum
1834 1433 1879 1474 in
1915 1432 2069 1474 scrinio

533 1507 875 1550 recondiderunt.
2097 1521 2132 1551 ¹5

621 1577 829 1619 Dedicato
846 1576 992 1632 itaque
1015 1575 1216 1617 coenobio
1238 1575 1371 1631 (quod
1395 1575 1603 1616 hactenus
1627 1572 2072 1622 VVestmonasterium,

533 1664 582 1690 eo
624 1648 736 1704 quod
778 1647 822 1688 in
858 1646 1048 1688 civitatis
1085 1645 1337 1687 occidentali
1374 1651 1496 1701 parte
1533 1644 1666 1685 situm
1703 1644 1772 1693 sit,
1806 1643 1983 1695 dicitur)
2019 1642 2073 1683 ad

532 1718 787 1775 piscatorem
810 1732 937 1758 suum
959 1715 1128 1757 rediens
1151 1720 1323 1757 sanctus
1347 1714 1511 1763 Petrus,
1528 1714 1581 1755 ab
1603 1714 1867 1769 interrogato
1888 1712 2075 1768 qualiter

533 1803 577 1829 se
592 1787 782 1835 haberet,
798 1800 1046 1841 responsum
1064 1784 1229 1840 accepit
1245 1799 1346 1840 prae
1362 1783 1514 1825 timore
1529 1798 1573 1824 se
1587 1798 1723 1838 paene
1741 1783 1827 1824 fore
1843 1787 2074 1831 mortuum,

535 1857 730 1898 insuetae
772 1855 982 1897 claritatis
1024 1854 1185 1895 visione
1228 1859 1272 1895 et
1313 1853 1600 1909 jubilantium
1643 1852 1839 1893 inaudito
1876 1851 2136 1907 strepitum

535 1927 658 1983 cujus
700 1926 899 1968 timorem
941 1939 1213 1980 compescens
1248 1923 1381 1980 jussit
1418 1929 1468 1964 ut
1509 1938 1553 1964 se
1595 1923 1802 1964 reducens
1838 1927 2076 1963 mereretur

535 1998 724 2039 naulum.
767 2012 864 2038 cum
883 1996 1030 2052 itaque
1048 1995 1092 2036 in
1110 1995 1250 2036 medio
1272 1994 1464 2036 fluminis
1481 1994 1767 2043 devenissent,
1784 1993 2075 2049 interrogatus

535 2068 588 2110 ab
604 2067 795 2124 apostolo
812 2066 846 2108 si
862 2066 954 2123 ipsa
972 2072 1095 2107 nocte
1113 2080 1180 2106 ars
1194 2080 1271 2106 sua
1288 2064 1326 2106 ei
1341 2063 1505 2119 aliquid
1519 2063 1783 2112 contulisset,
1797 2061 2017 2118 respondit
2031 2077 2074 2103 se

536 2137 644 2178 nihil
676 2136 848 2192 cepisse.
910 2135 964 2176 ad
996 2150 1125 2191 quem
1156 2134 1386 2190 apostolus,
1419 2133 1560 2183 Mitte,
1592 2132 1746 2188 inquit,
1778 2131 1822 2172 in
1854 2131 2074 2172 dexteram

536 2207 758 2248 naviculae
781 2212 884 2256 rete,
907 2211 950 2247 et
972 2205 1194 2260 coadjutor
1216 2210 1318 2245 tuus
1340 2219 1434 2244 ero:
1457 2202 1554 2243 novi
1577 2201 1692 2243 enim
1715 2206 1759 2242 et
1781 2216 1859 2256 ego
1881 2200 2074 2256 aliquan·
2096 2216 2134 2247 ²5

538 2276 671 2332 tisper
701 2281 838 2316 artem
875 2273 1077 2330 piscandi.
1141 2273 1253 2329 quod
1285 2288 1382 2314 cum
1416 2272 1585 2313 fecisset
1617 2276 1785 2312 tantam
1818 2271 1911 2326 ejus
1947 2269 2075 2326 piscis

537 2346 611 2402 qui
633 2345 787 2387 esicius
808 2343 967 2385 dicitur
995 2342 1109 2399 cepit
1131 2342 1309 2398 copiam,
1333 2347 1381 2382 ut
1407 2341 1605 2382 navicula
1633 2355 1768 2396 paene
1798 2346 2075 2396 mergeretur.

537 2415 606 2457 cui
627 2415 857 2471 apostolus,
879 2414 1024 2463 Sume,
1047 2412 1202 2468 inquit,
1224 2418 1467 2453 extremum
1497 2426 1625 2467 quem
1657 2410 1809 2466 cepisti
1838 2409 2010 2466 piscem,
2032 2415 2076 2451 et

538 2501 589 2527 ex
613 2500 707 2526 mea
728 2489 850 2540 parte
876 2483 994 2525 defer
1021 2483 1218 2539 episcopo
1247 2498 1322 2538 pro
1354 2496 1541 2523 munere.
1603 2479 1933 2522 decimationem
1962 2494 2077 2520 nunc

537 2554 759 2597 dedicatae
782 2553 983 2595 ecclesiae
1005 2553 1126 2594 dabis
1148 2568 1224 2609 pro
1244 2552 1483 2608 gratiarum
1505 2550 1696 2592 actione:
1733 2555 1951 2591 caeterum
1979 2564 2076 2590 vero
2096 2564 2137 2594 30

538 2625 618 2666 tibi
657 2624 757 2665 tolle
794 2638 869 2680 pro
905 2623 1044 2664 naulo.
1106 2623 1180 2664 sed
1218 2629 1261 2664 et
1299 2622 1428 2677 hujus
1463 2620 1745 2662 dedicationis
1786 2619 1958 2675 signum
1995 2618 2077 2660 erit

537 2700 809 2751 perpetuum,
832 2693 945 2749 quod
967 2698 1015 2734 tu
1039 2698 1082 2734 et
1105 2698 1197 2733 tota
1219 2707 1401 2747 sequens
1423 2691 1553 2747 hujus
1575 2690 1680 2732 artis
1701 2689 1926 2746 progenies
1948 2688 2078 2744 hujus

539 2764 707 2820 generis
721 2763 903 2820 piscium
921 2762 1250 2804 decimationem
1270 2761 1331 2802 illi
1349 2761 1550 2803 ecclesiae
1567 2759 1727 2801 dabitis
1745 2759 2078 2815 imperpetuum,

539 2833 745 2889 quatinus
788 2832 905 2874 vobis
946 2833 1003 2874 sit
1044 2832 1240 2888 capiendi
1289 2832 1468 2872 facultas
1513 2829 1767 2885 fluminique
1816 2828 2077 2870 fecunditas:

540 2903 828 2959 orationisque
845 2917 972 2943 causa
989 2917 1082 2943 eam
1097 2901 1318 2943 ecclesiam
1334 2900 1709 2957 frequentantibus
1727 2899 1808 2941 erit
1822 2897 2078 2946 benedictio,
2098 2914 2136 2945 35

540 2979 584 3015 et
625 2973 910 3030 possessiones
951 2972 991 3014 ei
1032 2971 1317 3028 largientibus
1357 2977 1534 3012 aeterna
1574 2970 1619 3011 in
1663 2969 1791 3011 caelis
1838 2967 2077 3010 retributio.

540 3057 699 3098 pavens
741 3041 876 3098 igitur
916 3041 1102 3097 piscator
1142 3046 1186 3081 et
1230 3039 1447 3080 admirans
1495 3054 1592 3080 cum
1634 3037 1838 3079 miraculo
1882 3035 2079 3093 jubentis

541 3111 782 3168 imperium,
804 3111 1001 3167 quisnam
1031 3115 1143 3151 esset
1173 3116 1296 3151 tanta
1323 3109 1581 3165 promittens
1610 3107 1802 3164 inquirit.
1863 3106 1933 3148 cui
1958 3121 2078 3162 apos-

541 3181 665 3230 tolus,
708 3182 798 3237 Ego
849 3196 956 3230 sum,
998 3180 1152 3236 inquit,
1194 3194 1320 3235 quem
1371 3178 1609 3221 Christiani
1657 3184 1854 3219 sanctum
1903 3177 2078 3218 Petrum

1044 3290 1083 3319 14
1107 3289 1188 3329 loci]
1206 3289 1313 3320 Cire.:
1338 3299 1398 3320 om.
1418 3288 1491 3320 DW
1511 3289 1569 3329 Sp.
