2385 3891
92 2131 165 2164 The
181 2132 302 2173 bishop

93 2175 182 2206 finds
199 2175 255 2207 the

93 2218 185 2258 signs
201 2219 238 2250 of

91 2263 337 2296 consecration.

698 407 803 456 The
843 407 1213 456 Omasecration
1249 408 1312 470 by
1348 407 1405 456 Sc
1442 407 1598 455 Peter
1851 405 1912 452 37

380 531 597 573 hominem
620 532 714 581 sibi,
736 533 929 574 animum
953 532 1140 574 reddidit
1163 531 1326 573 rationi.
1395 530 1693 585 Ingredientes
1715 529 1911 585 cymbam

380 600 507 642 simul
547 607 727 657 uterque
764 602 959 657 piscator,
994 602 1108 643 inter
1144 601 1404 657 loquendum
1441 600 1659 656 apostolus
1696 598 1912 640 hominem

381 668 532 711 iisdem
569 670 726 726 quibus
763 686 806 712 se
843 671 1057 727 quondam
1098 670 1302 725 magister
1337 684 1440 710 suus
1473 668 1728 710 conveniens
1763 667 1914 716 verbis,

380 738 618 794 Numquid,
648 740 721 789 ait,
750 740 1090 796 pulmentarium
1120 754 1202 780 non
1234 739 1395 780 habes?
1457 745 1500 780 et
1524 739 1606 787 ille,
1629 737 1774 779 Timui
1798 737 1913 779 enim

382 806 657 850 inconsuetae
694 809 799 850 lucis
835 809 1079 865 profusione
1116 808 1327 863 stupidus,
1369 823 1466 848 cum
1509 807 1806 863 expectatione
1848 806 1913 848 tui
1935 819 1951 848 5

378 876 582 919 detentus
618 878 726 919 nihil
756 879 872 934 cepi:
905 878 978 919 sed
1015 878 1266 933 promissam
1309 892 1333 918 a
1376 883 1418 918 te
1461 877 1698 918 mercedem
1740 891 1914 918 securus

379 947 613 1002 expectavi.
686 947 739 988 ad
782 948 886 989 haec
927 947 1156 1002 apostolus,
1198 946 1315 987 Laxa
1356 961 1481 995 nunc,
1524 946 1678 1001 inquit,
1719 946 1829 987 retia
1869 945 1914 986 in

378 1022 611 1071 capturam.
687 1016 832 1072 paruit
874 1016 1105 1072 imperanti
1138 1015 1333 1071 piscator,
1368 1022 1412 1056 et
1453 1030 1550 1056 mox
1588 1015 1786 1070 implevit
1822 1021 1913 1056 rete

377 1084 558 1140 piscium
581 1085 768 1126 maxima
794 1085 1041 1126 multitudo.
1103 1084 1259 1140 quibus
1287 1084 1338 1125 ad
1367 1084 1503 1140 ripam
1534 1084 1748 1133 extractis,
1772 1084 1913 1133 Hunc,

378 1154 520 1209 inquit
542 1155 814 1209 [salmonem]
835 1155 1065 1210 apostolus,
1088 1153 1161 1209 qui
1183 1153 1336 1195 ceteris
1362 1153 1662 1209 magnitudine
1688 1153 1912 1208 pretioque

378 1223 609 1279 praecellit,
647 1224 813 1266 Mellito
847 1240 898 1266 ex
936 1240 1031 1265 mea
1065 1231 1186 1280 parte
1224 1223 1382 1279 piscem
1419 1223 1537 1264 defer
1572 1223 1790 1279 episcopo:
1838 1237 1912 1278 pro

378 1293 546 1334 naulica
576 1308 672 1334 vero
703 1294 894 1335 mercede
927 1301 1095 1335 caetera
1126 1293 1207 1335 tibi
1240 1293 1350 1334 tolle.
1414 1308 1492 1349 ego
1525 1308 1619 1334 sum
1654 1293 1806 1333 Petrus
1838 1292 1912 1347 qui

378 1362 525 1417 loquor
557 1368 711 1412 tecum,
745 1363 819 1419 qui
854 1379 949 1404 cum
988 1363 1094 1404 meis
1132 1362 1377 1403 concivibus
1413 1367 1703 1402 constructam
1740 1360 1784 1401 in
1820 1375 1912 1401 meo

376 1430 547 1472 nomine
569 1431 789 1473 basilicam
807 1432 1012 1481 dedicavi,
1030 1432 1401 1487 episcopalemque
1423 1430 1768 1471 benedictionem
1794 1444 1912 1470 meae

375 1501 726 1544 sanctificationis
760 1503 1018 1544 auctoritate
1054 1501 1265 1558 praeveni.
1343 1500 1411 1541 dic
1443 1515 1543 1556 ergo
1575 1498 1768 1555 pontifici
1801 1514 1911 1555 quae

376 1570 521 1612 vidisti
563 1578 607 1613 et
643 1572 815 1621 audisti,
853 1578 1013 1628 tuoque
1048 1571 1231 1613 sermoni
1269 1570 1391 1626 signa
1431 1569 1672 1626 parietibus
1705 1568 1912 1625 impressa

375 1638 672 1680 testimonium
696 1640 996 1696 perhibebunt.
1047 1638 1325 1694 supersedeat
1348 1637 1483 1693 igitur
1505 1636 1789 1678 dedicationi:
1811 1651 1910 1692 sup-

374 1708 491 1764 pleat
525 1709 637 1764 quod
674 1709 906 1760 omisimus,
941 1709 1144 1751 dominici
1181 1709 1343 1750 scilicet
1381 1707 1566 1764 corporis
1603 1713 1647 1748 et
1688 1706 1910 1763 sanguinis

375 1785 640 1820 sacrosancta
673 1780 900 1835 mysteria;
943 1780 1237 1836 populumque
1271 1793 1464 1820 sermone
1499 1777 1699 1819 erudiens
1736 1783 1780 1818 et
1813 1792 1909 1818 con-

375 1847 548 1889 firmans
576 1848 886 1898 benedictione,
907 1849 1101 1890 notificet
1130 1847 1329 1889 omnibus
1358 1847 1471 1888 hunc
1498 1862 1565 1888 me
1596 1846 1734 1888 locum
1765 1846 1910 1887 crebro

377 1915 680 1967 visitaturum3
721 1917 790 1958 hic
831 1932 898 1959 me
939 1917 1132 1958 fidelium
1176 1916 1285 1957 votis
1327 1922 1370 1957 et
1407 1915 1604 1972 precibus
1645 1915 1911 1965 affuturum3

375 1986 512 2027 sobrie
545 2002 654 2036 vero,
678 1987 798 2043 juste
836 1994 879 2029 et
911 1987 980 2044 pie
1012 1987 1057 2028 in
1089 1987 1166 2028 hoc
1198 1987 1286 2028 loco
1319 1985 1565 2027 viventibus
1597 1985 1702 2026 caeli
1728 1985 1909 2040 januam

375 2064 675 2099 reseraturum.

463 2126 545 2168 His
566 2126 693 2168 dictis
714 2127 1011 2168 clavicularius
1032 2126 1228 2168 caelestis
1250 2125 1472 2181 disparuit.
1515 2130 1559 2166 et
1582 2124 1667 2165 iam
1689 2124 1909 2165 nocturnis

375 2196 563 2237 tenebris
585 2196 715 2238 finem
738 2197 859 2239 dedit
888 2212 1050 2246 aurora,
1079 2212 1177 2237 cum
1207 2196 1333 2237 beato
1364 2194 1542 2243 Mellito,
1566 2199 1614 2235 ut
1636 2193 1832 2249 putabat,
1855 2193 1908 2234 ad
1930 2212 1944 2233 2

375 2266 544 2307 futurae
572 2266 854 2308 dedicationis
882 2266 1135 2308 celebranda
1160 2265 1364 2321 mysteria
1392 2278 1648 2320 processuro,
1671 2278 1767 2304 cum
1794 2262 1908 2318 pisce

374 2335 558 2391 piscator
586 2336 790 2378 occurrit:
827 2352 952 2392 quem
984 2351 1082 2377 cum
1109 2335 1304 2391 episcopo
1331 2334 1602 2390 resignasset,
1630 2331 1773 2373 omnia
1798 2346 1908 2387 quae

374 2404 412 2446 ei
444 2405 498 2445 ab
529 2405 719 2460 apostolo
752 2406 921 2446 fuerant
949 2405 1152 2446 mandata
1183 2403 1466 2460 prosequitur.
1528 2408 1676 2457 stupet
1702 2400 1908 2457 pontifex,

374 2473 657 2528 reseratisque
704 2489 846 2515 sacrae
888 2474 981 2529 jam
1023 2473 1222 2514 basilicae
1266 2471 1398 2513 valvis
1446 2471 1563 2511 videt
1608 2469 1905 2526 pavimentum

1937 1169 1974 1190 10

1935 1514 1972 1545 ¹5

1933 1861 1972 1882 20

374 2543 599 2598 utriusque
632 2543 851 2598 alphabeti
880 2543 1156 2598 inscriptione
1188 2542 1420 2597 signatum,
1453 2540 1663 2596 parietem
1695 2539 1760 2580 bis
1794 2539 1907 2580 senis
1928 2557 1970 2587 30

375 2611 419 2651 in
470 2611 570 2652 locis
617 2611 967 2652 sanctificationis
1008 2611 1099 2651 oleo
1147 2610 1287 2659 litum,
1328 2616 1393 2650 tot
1443 2623 1661 2649 cereorum
1703 2607 1905 2662 reliquias

374 2680 580 2720 duodenis
602 2679 798 2721 crucibus
820 2679 1052 2727 inhaerere,
1074 2684 1118 2720 et
1140 2679 1261 2735 quasi
1292 2678 1453 2720 recenti
1482 2676 1745 2732 respersione
1767 2676 1908 2717 adhuc

374 2754 527 2789 cuncta
569 2749 819 2790 madescere.
882 2748 990 2789 nihil
1033 2748 1213 2789 ulterius
1254 2746 1554 2803 ambiguitatis
1595 2746 1647 2786 de
1690 2745 1756 2786 his
1798 2760 1907 2801 quae

373 2817 558 2873 piscator
583 2824 825 2859 astruxerat
854 2818 897 2859 in
927 2818 1179 2873 cujusquam
1211 2818 1354 2859 animo
1385 2816 1529 2873 potuit
1560 2815 1757 2864 residere,
1785 2815 1907 2870 cujus

372 2886 595 2928 assertioni
632 2886 754 2942 signa
794 2888 995 2929 caelestia
1036 2888 1320 2930 testabantur.
1380 2888 1510 2929 refert
1548 2886 1651 2927 haec
1684 2885 1907 2941 episcopus
1927 2902 1965 2932 35

372 2957 540 3012 populo,
581 2962 624 2997 et
659 2972 755 2997 mox
794 2972 879 2998 una
916 2972 994 2998 vox
1036 2957 1228 2998 omnium
1270 2957 1415 3013 pulsat
1455 2956 1592 2997 caelos
1634 2954 1905 2996 laudantium

437 3092 453 3122 l
479 3091 624 3123 reddidit
641 3092 773 3124 ratione
790 3092 854 3125 Ail.
871 3106 877 3125 :
903 3093 1050 3124 reddidit
1067 3099 1143 3124 ante
1160 3093 1338 3124 hominem
1358 3093 1431 3123 DW
1450 3093 1506 3132 Sp.
1742 3092 1761 3121 4
1785 3093 1818 3122 et
1835 3090 1904 3127 ille,

371 3143 487 3174 Timui
504 3144 612 3184 enim]
629 3145 727 3184 Tum,
749 3145 873 3184 inquit,
892 3145 957 3176 Ail.
1146 3146 1164 3174 5
1189 3146 1282 3184 cum]
1299 3147 1372 3175 tum
1391 3144 1456 3175 Ail.
1643 3144 1662 3174 6
1686 3153 1747 3173 om.
1765 3151 1784 3173 a
1802 3144 1834 3173 te
1851 3141 1903 3172 W.

372 3196 412 3227 10
435 3205 495 3228 om.
514 3196 704 3227 salmonem
722 3195 787 3227 Ail.
1123 3197 1162 3227 12
1187 3197 1339 3236 naulica]
1356 3196 1440 3227 Ail.:
1466 3195 1607 3227 nautica
1625 3194 1699 3225 DW
1717 3194 1773 3234 Sp.

371 3248 412 3278 21
435 3248 574 3279 vocibus
591 3248 657 3279 Ail.
