2385 3891
868 443 930 491 W
928 444 1099 493 illicem
1139 446 1490 510 Curtlysnyton
1853 453 1947 498 123

409 564 536 619 paulo
568 572 687 620 post:
719 567 771 607 In
808 568 957 623 primis
990 570 1148 626 Yslcpe
1183 571 1340 619 villam,
1374 573 1417 613 in
1454 589 1539 629 qua
1577 581 1705 615 natus
1744 575 1815 623 fui,
1852 589 1948 616 cum

408 632 607 674 omnibus
637 635 719 676 sibi
750 637 1080 692 pertinentibus.

125 708 195 740 and
211 711 248 741 at
495 703 558 744 Ac
579 704 710 746 etiam
739 706 981 749 aedificavit
1010 709 1255 765 praedictus
1283 710 1414 752 abbas
1443 711 1686 753 Willelmus
1709 713 1949 754 manerium

124 752 260 785 sutton.
407 787 532 813 suum
574 773 626 814 de
667 774 854 817 Suttone
892 777 935 818 in
972 778 1181 820 comitatu
1219 780 1524 823 Gloucestriae.
1586 781 1786 838 idemque
1828 782 1950 824 dedit

408 856 541 882 unum
565 842 732 884 missale
754 844 913 887 bonum
939 862 1091 902 magno
1113 848 1238 889 altari
1263 848 1647 892 wesmonasterii.
1710 851 1778 892 hic
1800 858 1947 892 autem
1970 868 1985 898 5

406 917 529 966 pater
553 912 724 967 plenam
749 914 1094 968 jurisdictionem
1123 917 1166 958 in
1196 918 1397 973 hospitali
1427 920 1564 961 sancti
1591 920 1742 961 Jacobi
1771 921 1949 970 habuit3

406 979 479 1034 qui
517 979 561 1020 in
595 980 842 1024 visitatione
879 999 956 1025 sua
997 985 1041 1025 in
1079 985 1228 1026 eodem
1268 987 1471 1042 hospitali
1510 995 1632 1030 tenta
1670 995 1711 1029 v⁰
1746 990 1948 1031 kalendas

408 1047 553 1089 Martii
579 1064 691 1090 anno
718 1050 879 1092 domini
911 1052 1137 1094 millesimo
1165 1054 1343 1095 cccxxii⁰
1369 1056 1494 1110 plura
1522 1056 1682 1098 ibidem
1713 1058 1882 1107 statuit,
1904 1065 1949 1100 et

405 1116 489 1158 alia
511 1118 649 1160 multa
669 1119 876 1162 beneficia
906 1122 1006 1163 fecit
1034 1122 1087 1163 ad
1121 1123 1236 1164 illius
1268 1124 1345 1165 loci
1375 1126 1643 1167 commodum
1675 1135 1717 1168 et
1745 1128 1945 1169 honorem

405 1201 452 1227 ac
483 1187 701 1243 religionis
732 1188 1058 1241 incrementum,
1091 1199 1141 1233 ut
1172 1207 1303 1248 supra
1335 1194 1434 1235 folio
1468 1195 1570 1249 [...].
1972 1213 2007 1234 ¹0

119 1253 277 1295 Misep.
492 1256 614 1298 Obiit
655 1265 801 1300 autem
839 1259 900 1300 xi⁰
940 1260 1009 1302 die
1051 1260 1322 1317 Septembris
1363 1278 1474 1303 anno
1515 1263 1677 1304 domini
1721 1265 1947 1307 millesimo

119 1303 243 1345 (1333).
403 1332 577 1367 cccxxx⁰
607 1327 755 1382 primo,
778 1334 821 1369 et
853 1329 973 1385 regni
1006 1330 1118 1385 regis
1151 1331 1347 1372 Edwardi
1381 1332 1500 1373 tertii
1535 1340 1631 1388 post
1663 1341 1946 1390 conquestum

117 1403 247 1435 Buried
263 1404 377 1454 before
403 1395 598 1450 septimo,
619 1412 716 1438 cum
748 1399 1003 1453 praefuisset
1034 1400 1195 1441 ibidem
1227 1401 1351 1441 annis
1384 1402 1454 1442 xvi
1487 1409 1531 1443 et
1562 1403 1773 1459 amplius;
1804 1405 1945 1460 sepul-

117 1447 364 1522 {lttgenedmt’s
404 1471 559 1520 tusque
577 1472 642 1507 est
659 1466 704 1507 in
721 1468 898 1509 australi
914 1475 1035 1524 parte
1053 1470 1256 1511 ecclesiae
1273 1477 1375 1512 ante
1393 1471 1529 1512 altare
1551 1472 1689 1514 sancti
1707 1473 1946 1523 Benedicti,

395 1532 526 1587 juxta
547 1535 766 1576 tumulum
796 1535 958 1577 domini
984 1537 1197 1579 Johannis
1222 1538 1432 1580 Shordich
1463 1540 1625 1590 militis,
1648 1557 1794 1583 versus
1816 1543 1944 1584 vesti·
1970 1557 2003 1588 ¹5

401 1602 552 1644 bulum
574 1603 838 1655 divertendo,
855 1606 935 1647 sub
951 1606 1078 1662 plano
1096 1607 1237 1663 lapide
1255 1623 1490 1651 marmoreo
1508 1611 1621 1652 tanti
1639 1611 1774 1667 patris
1798 1612 1943 1653 honori

401 1686 597 1728 congruo.
659 1674 783 1730 cujus
805 1675 891 1716 tale
914 1682 980 1717 est
1009 1676 1305 1732 epitaphium:

632 1775 752 1817 Haec
784 1783 849 1818 est
879 1777 1050 1820 abbatis
1082 1779 1290 1821 Willelmi
1323 1781 1486 1831 tumba,
1519 1782 1685 1825 sciatis:

630 1859 758 1900 quem
790 1860 902 1887 mors
933 1847 1108 1897 amovit,
1142 1854 1186 1889 et
1219 1848 1534 1905 Curlyngtonia
1566 1851 1681 1894 fovit.

630 1913 674 1954 in
706 1914 856 1956 mortis
886 1922 1013 1971 portu
1045 1932 1090 1958 se
1122 1916 1285 1959 Christi
1315 1933 1486 1974 corpore
1518 1920 1661 1975 pavit:
1960 1941 2002 1962 πο

630 1982 690 2024 sic
721 1983 935 2039 expiravit
967 1986 1154 2028 mundus
1186 1987 1402 2028 confessus
1433 1988 1487 2029 ab
1519 1995 1627 2030 ortu.

112 2090 163 2123 Cf.
184 2091 378 2124 ‘Domesd.’
485 2081 622 2138 Cujus
653 2084 992 2126 anniversarium
1025 2087 1222 2142 sequitur
1253 2089 1332 2130 sub
1366 2090 1442 2130 hac
1476 2090 1632 2132 forma:

110 2134 243 2220 ἓαζῗῧῖ)
262 2135 360 2177 (later
484 2151 698 2194 Omnibus
739 2160 912 2195 sanctae
954 2155 1104 2196 matris
1146 2157 1347 2199 ecclesiae
1389 2159 1500 2208 filiis,
1531 2159 1585 2200 ad
1627 2175 1733 2216 quos
1770 2161 1940 2203 litterae

395 2227 641 2276 praesentes
674 2223 963 2278 pervenerint,
994 2225 1126 2267 frater
1158 2227 1401 2270 Willelmus
1433 2228 1486 2270 de
1514 2228 1811 2286 Curlyngtone
1846 2248 1939 2288 per-

395 2290 595 2332 missione
637 2291 785 2333 divina
830 2293 962 2335 abbas
1015 2294 1388 2338 Westmonasterii
1435 2298 1619 2340 salutem
1672 2299 1716 2340 in
1767 2300 1939 2343 domino
1959 2321 1997 2352 25

393 2359 711 2415 sempiternam.
774 2362 980 2404 noveritis
1026 2378 1102 2405 nos
1139 2365 1193 2406 ad
1226 2366 1484 2422 petitionem
1527 2374 1571 2410 et
1614 2369 1938 2425 requisitionem

395 2429 643 2471 unanimem
670 2430 926 2473 dilectorum
955 2433 1141 2475 filiorum
1169 2442 1412 2477 nostrorum
1444 2437 1596 2493 prioris
1630 2444 1674 2479 et
1702 2448 1938 2482 conventus

392 2499 641 2540 monasterii
672 2501 808 2542 nostri
837 2503 1046 2557 praedicti
1075 2504 1300 2555 remisisse,
1323 2506 1534 2548 relaxasse
1566 2514 1610 2548 et
1642 2523 1717 2563 pro
1743 2509 1865 2551 nobis
1894 2518 1938 2551 et

392 2569 704 2611 successoribus
735 2571 892 2613 nostris
924 2572 969 2613 in
1000 2581 1261 2629 perpetuum
1300 2576 1497 2631 quietum
1531 2577 1734 2619 clamasse
1766 2579 1936 2621 dilectis

392 2637 492 2679 filiis
512 2638 669 2680 nostris
690 2639 819 2695 priori
841 2647 885 2682 et
907 2643 1137 2684 conventui
1160 2644 1402 2699 praedictis,
1415 2661 1463 2686 ac
1480 2646 1666 2701 portioni
1691 2648 1935 2699 eorundem,
1955 2672 1995 2702 30

394 2721 527 2748 unum
545 2707 781 2750 adventum
804 2715 848 2751 et
871 2710 1109 2767 hospicium
1127 2727 1320 2754 annuum
1339 2729 1415 2770 per
1430 2715 1537 2756 duos
1553 2715 1645 2757 dies
1666 2716 1935 2769 duraturum,

391 2776 505 2831 quod
526 2791 602 2818 nos
625 2783 669 2818 et
691 2778 1032 2833 praedecessores
1054 2780 1189 2822 nostri
1215 2782 1433 2838 percipere
1460 2783 1702 2826 solebamus
1724 2785 1768 2827 in
1791 2802 1933 2829 mane-

391 2844 453 2886 rio
474 2845 526 2886 de
556 2846 768 2888 Hendone
798 2847 909 2889 infra
936 2849 1124 2905 primum
1151 2850 1265 2892 diem
1295 2852 1396 2893 anni
1426 2859 1471 2894 et
1497 2853 1714 2904 ultimum,
1736 2862 1864 2911 prout
1889 2857 1932 2898 in

390 2914 574 2970 quodam
606 2915 690 2957 fine
722 2916 838 2958 inter
868 2918 1113 2960 Gilbertmn
1147 2920 1185 2961 le
1219 2921 1346 2972 Rous,
1378 2922 1593 2978 quondam
1625 2924 1848 2966 dominum
1880 2926 1932 2967 dc

391 2984 614 3035 Hendone,
648 2992 692 3027 et
728 2987 1071 3042 praedecessores
1113 2996 1278 3032 nostros
1311 2991 1410 3033 inde
1453 2993 1594 3034 levato
1630 2993 1800 3049 plenius
1835 3010 1930 3036 con-
1952 3010 1990 3041 35

457 3134 474 3164 1
499 3133 678 3174 Gihtslepe
695 3135 728 3168 d.
857 3138 876 3168 3
900 3138 1014 3178 praed.
1036 3138 1142 3171 abbas
1159 3139 1228 3180 W.]
1245 3150 1265 3171 a
1282 3140 1518 3173 fundamentis
1535 3142 1592 3183 Sp.
1713 3143 1732 3174 4
1757 3143 1931 3184 idemque]

390 3185 474 3217 item
492 3186 547 3226 Sp.
680 3188 720 3219 10
743 3199 803 3220 οηι.
822 3199 926 3230 supra
944 3191 1026 3222 folio
1045 3191 1103 3232 Sp.
1224 3194 1263 3225 15
1288 3193 1535 3234 militisJ÷sub
1552 3195 1710 3235 lampade
1728 3195 1853 3227 ibidem
1872 3196 1929 3237 Sp.

392 3238 432 3269 16
455 3238 758 3280 tanti—congruo]
783 3250 861 3272 cum
890 3242 1040 3282 imagine
1064 3243 1173 3284 ipsius
1201 3245 1445 3285 pontificaliter
1468 3245 1583 3277 induti
1606 3245 1642 3277 in
1667 3247 1807 3277 metallo
1831 3257 1931 3279 aereo

390 3291 529 3322 exarata
546 3290 604 3331 Sp.
762 3293 801 3325 19
826 3293 1062 3326 Curtlintonia
1081 3295 1138 3336 Sp.
1298 3298 1339 3327 24
1364 3297 1583 3338 Curtlingtofi
1601 3298 1633 3329 d.
