2385 3891
1010 423 1280 474 Laureae&
1850 432 1911 476 93

375 541 673 583 miraculorum
689 543 881 600 inspecto
895 546 1187 603 adhibitisque
1202 550 1494 604 probabilibus
1511 551 1623 607 regis
1641 551 1912 601 testimoniis,

373 610 603 665 procedens
625 611 823 655 dominus
839 629 950 670 papa
966 615 1009 656 in
1027 616 1247 671 publicum
1266 618 1318 660 de
1336 619 1453 660 beati
1472 619 1584 676 regis
1601 620 1911 675 glorificatione

372 677 545 733 dignam
575 681 863 736 promulgavit
891 683 1165 733 sententiam,
1194 685 1426 729 decernens
1455 703 1553 729 eum
1587 688 1630 729 in
1666 696 1910 730 sanctorum

371 747 656 790 confessorum
674 750 866 805 catalogo
887 751 1187 794 ascribendum
1207 767 1214 802 3
1247 760 1291 795 et
1315 761 1364 796 ut
1387 755 1590 812 deinceps
1613 758 1913 799 observaretur

371 830 447 870 per
467 817 698 872 apostolica
719 819 878 875 scripta
902 821 1121 862 mandavit
1143 822 1223 864 sub
1246 823 1323 865 hac
1347 825 1481 866 forma
1500 843 1506 867 :
1935 846 1950 874 5

87 891 168 940 131111
179 891 349 922 oscanon-
458 886 701 928 Alexander
722 889 956 946 episcopus,
977 906 1124 932 servus
1146 907 1364 935 servorum
1388 895 1468 945 dei,
1491 902 1570 939 etc.
1621 897 1790 939 dilectis
1813 897 1912 939 filiis

88 934 327 1018 issgffigsdag’f'
370 954 604 997 Laurentio
620 957 766 999 abbati
782 966 826 1000 et
842 959 1039 1001 universo
1056 962 1245 1017 capitulo
1265 963 1711 1007 Westmonasteriensi
1727 967 1910 1008 salutem

90 1021 110 1052 f·
129 1022 228 1052 4110.
370 1029 413 1065 et
435 1025 710 1079 apostolicam
734 1027 1090 1070 benedictionem.
1154 1030 1269 1072 illius
1295 1031 1536 1075 devotionis
1558 1035 1844 1077 constantiam
1868 1042 1911 1077 et

369 1091 469 1134 fidei
510 1093 775 1146 firmitatem,
811 1112 940 1152 quam
983 1097 1094 1139 circa
1141 1106 1321 1141 matrem
1370 1110 1553 1143 vestram
1597 1111 1909 1146 sacrosanctam

372 1162 607 1204 Romanam
649 1164 869 1206 ecclesiam
905 1165 1131 1216 exhibetis,
1164 1167 1420 1225 diligentius
1461 1171 1739 1213 attendentes
1781 1173 1825 1214 in
1868 1173 1910 1214 id
1936 1191 1973 1211 ιο

370 1232 574 1288 propositi
621 1239 665 1275 et
711 1235 946 1277 voluntatis
991 1236 1258 1287 adducimur,
1302 1245 1350 1280 ut
1396 1255 1467 1281 vos
1512 1241 1624 1282 sicut
1673 1242 1911 1284 carissimos

371 1301 520 1342 fratres
552 1308 716 1344 nostros
753 1310 797 1345 et
833 1305 1038 1360 speciales
1075 1306 1277 1348 ecclesiae
1315 1307 1424 1349 filios
1455 1308 1619 1350 sincera
1652 1310 1831 1352 caritate
1866 1311 1911 1352 in

369 1370 541 1411 domino
572 1371 814 1428 diligamus,
836 1375 1089 1430 propensius
1119 1376 1388 1427 honoremus,
1411 1384 1454 1419 et
1482 1379 1794 1434 postulationes
1822 1396 1910 1422 ves-

370 1447 457 1481 tras
493 1447 706 1495 quantum
741 1456 838 1482 cum
871 1442 950 1483 deo
987 1458 1216 1498 possumus
1250 1445 1404 1487 libenti
1439 1447 1582 1488 animo
1615 1448 1910 1491 admittamus.

368 1509 467 1550 inde
515 1510 664 1565 utique
710 1511 794 1552 fuit
842 1512 954 1567 quod
1003 1528 1132 1569 super
1176 1515 1386 1570 petitione
1432 1532 1561 1572 quam
1604 1517 1655 1559 de
1703 1519 1910 1561 Edwardo
1933 1541 1970 1571 15

367 1579 549 1634 glorioso
575 1580 790 1635 quondam
817 1596 915 1637 rege
942 1582 1181 1637 Anglorum
1207 1585 1507 1636 canonizando,
1529 1592 1573 1628 et
1599 1587 1643 1628 in
1664 1596 1908 1631 sanctorum

368 1649 561 1705 catalogo
597 1649 858 1700 ascribendo,
895 1656 984 1692 tam
1025 1651 1270 1695 carissimus
1311 1654 1354 1695 in
1398 1655 1571 1698 Christo
1611 1657 1725 1700 filius
1766 1666 1910 1700 noster

368 1718 594 1769 Henricus,
614 1718 794 1760 illustris
816 1720 1054 1776 Anglorum
1079 1737 1308 1778 rex,quam
1332 1739 1403 1766 vos
1426 1724 1507 1780 ipsi
1531 1726 1652 1767 nobis
1674 1727 1909 1770 instantius

366 1787 625 1842 porrexistis,
666 1787 892 1829 sollicitam
945 1804 1041 1831 cum
1094 1791 1298 1833 fratribus
1350 1793 1504 1835 nostris
1555 1794 1907 1839 deliberationem

367 1856 586 1906 habentes,
620 1856 727 1898 libro
768 1857 1070 1900 miraculorum
1112 1861 1316 1917 inspecto,
1354 1878 1463 1917 quae
1504 1863 1607 1904 dum
1651 1865 1695 1906 in
1739 1868 1907 1908 mortali
1930 1888 1970 1908 κο

365 1941 489 1968 carne
516 1926 679 1968 viveret
708 1932 752 1968 et
781 1933 1009 1984 postquam
1038 1928 1091 1970 de
1120 1931 1336 1986 praesenti
1371 1933 1539 1974 saeculo
1568 1940 1633 1975 est
1660 1943 1907 1992 assumptus

365 1996 637 2052 omnipotens
665 1996 865 2039 dominus
893 2013 970 2054 per
997 2014 1118 2041 suam
1153 2000 1485 2044 misericordiam
1515 2004 1774 2057 declaravit3
1809 2007 1907 2049 visis

365 2065 496 2107 etiam
528 2065 687 2108 litteris
714 2067 994 2109 antecessoris
1026 2069 1160 2110 nostri
1197 2069 1294 2126 piae
1326 2072 1631 2114 recordationis
1663 2074 1905 2117 Innocentii

365 2151 513 2192 papae,
545 2136 696 2178 vestris
727 2152 897 2193 quoque
930 2139 1192 2182 testimoniis
1224 2139 1323 2182 inde
1355 2142 1565 2198 receptis,
1606 2145 1801 2199 quamvis
1833 2161 1904 2187 ne-

363 2205 531 2261 gotium
565 2211 654 2246 tam
683 2206 866 2247 arduum
899 2214 944 2249 et
976 2208 1160 2250 sublime
1191 2225 1276 2251 non
1311 2211 1557 2266 frequenter
1587 2214 1722 2256 soleat
1748 2215 1829 2256 nisi
1861 2216 1905 2257 in
1928 2238 1965 2268 25

362 2275 641 2317 sollemnibus
681 2276 870 2317 conciliis
911 2277 963 2318 de
1007 2293 1121 2320 more
1157 2280 1342 2329 concedi,
1377 2281 1429 2322 de
1466 2283 1682 2324 communi
1725 2285 1904 2326 fratrum

363 2351 605 2386 nostrorum
641 2342 827 2396 consilio,
849 2346 980 2402 juxta
1017 2354 1165 2389 votum
1202 2355 1246 2390 et
1283 2349 1543 2391 desiderium
1582 2352 1789 2407 praedicti
1828 2354 1905 2395 filii

362 2414 495 2456 nostri
530 2414 642 2471 regis
678 2430 726 2456 ac
764 2421 967 2466 vestrum,
999 2432 1151 2473 corpus
1187 2418 1322 2474 ipsius
1359 2420 1608 2462 confessoris
1645 2422 1707 2463 ita
1746 2423 1903 2478 glorifi-

362 2483 545 2525 candum
572 2483 818 2525 censuimus
848 2491 892 2526 et
920 2485 1080 2528 debitis
1106 2488 1342 2542 praeconiis
1371 2489 1667 2532 honorandum
1695 2491 1739 2532 in
1769 2493 1904 2543 terris,

362 2553 474 2594 sicut
507 2553 691 2594 eundem
723 2555 1005 2596 confessorem
1037 2555 1235 2598 dominus
1267 2573 1344 2613 per
1373 2573 1495 2599 suam
1527 2560 1713 2615 gratiam
1744 2562 1902 2617 glorifi-
1925 2577 1966 2607 30

362 2621 475 2662 cavit
498 2621 541 2662 in
564 2621 707 2671 caelis3
743 2629 791 2663 ut
813 2622 1014 2665 videlicet
1035 2624 1150 2666 inter
1174 2632 1342 2668 sanctos
1369 2628 1626 2670 confessores
1652 2629 1704 2671 de
1735 2637 1902 2672 caetero

362 2697 627 2739 numeretur,
649 2691 722 2747 qui
746 2691 824 2733 hoc
846 2691 987 2748 ipsum
1014 2694 1130 2749 apud
1158 2694 1287 2736 deum
1315 2696 1450 2752 signis
1479 2698 1638 2740 meruit
1661 2706 1705 2741 et
1728 2699 1900 2742 virtuti-

361 2761 441 2802 bus
463 2761 668 2803 obtinere.
729 2761 831 2817 quia
858 2762 994 2818 igitur
1017 2763 1140 2805 decet
1168 2764 1406 2808 honestatis
1434 2773 1598 2809 vestrae
1625 2769 1899 2825 prudentiam

361 2845 459 2871 eum
482 2829 551 2885 pie
574 2830 709 2871 colere
732 2835 776 2871 et
799 2836 890 2872 toto
912 2831 1056 2872 studio
1075 2833 1278 2883 venerari,
1296 2850 1423 2889 quem
1451 2836 1710 2879 auctoritate
1732 2845 1899 2894 aposto-

362 2899 442 2940 lica
459 2898 751 2940 venerandum
771 2906 911 2941 vestra
928 2901 1163 2956 postulavit
1180 2902 1351 2944 devotio
1373 2910 1417 2945 et
1438 2905 1675 2956 colendum,
1693 2908 1899 2949 universi-
1922 2922 1960 2952 35

362 2974 496 3010 tatem
528 2974 714 3009 vestram
744 2983 820 3024 per
844 2969 1077 3024 apostolica
1105 2970 1265 3027 scripta
1294 2987 1518 3015 monemus
1548 2982 1592 3016 et
1621 2977 1901 3019 exhortamur

360 3038 404 3079 in
421 3037 606 3087 domino,
619 3043 833 3093 quatenus
851 3038 914 3079 ita
930 3054 1029 3080 eum
1052 3039 1252 3097 deinceps
1274 3042 1487 3085 studeatis
1508 3044 1668 3087 debitis
1685 3046 1900 3102 obsequiis

361 3108 576 3156 honorare,
606 3114 655 3150 ut
692 3108 826 3164 ipsius
862 3109 1240 3152 intercessionibus
1273 3112 1388 3167 apud
1429 3113 1675 3156 districtum
1706 3117 1898 3172 judicem

361 3176 613 3219 mereamini
637 3177 805 3218 veniam
829 3176 1024 3219 obtinere
1047 3184 1091 3219 et
1112 3179 1343 3234 gloriosum
1366 3180 1410 3222 in
1431 3188 1606 3224 aeterna
1627 3184 1898 3227 beatitudine

78 3250 96 3282 7
112 3249 191 3282 Feb.
212 3251 336 3294 (1161).
359 3246 598 3304 praemium
622 3246 826 3289 invenire.
887 3247 1038 3289 datum
1062 3249 1286 3305 Anagniae
1311 3249 1366 3291 vii
1389 3250 1486 3293 idus
1507 3252 1742 3296 Februarii.
1919 3273 1960 3302 40

779 3328 821 3360 39
845 3328 1065 3370 mereamini]
1089 3328 1126 3362 d:
1153 3339 1346 3363 mereamur
1362 3331 1403 3362 W
1422 3332 1480 3373 Sp.
