2385 3891
73 542 145 574 The
161 542 290 574 marvel

72 587 110 618 of
124 586 181 617 the

72 629 319 661 consecration.

53 2691 125 2723 The
141 2693 273 2732 apostle

54 2734 155 2765 sends
172 2735 230 2766 the

53 2776 241 2809 fisherman
259 2782 294 2810 to

53 2819 217 2852 Mellitus.

674 410 779 459 The
817 412 1185 463 Consecration
1221 416 1285 477 bys
1320 416 1376 463 St
1415 416 1571 465 Peter
1826 421 1885 466 41

442 533 604 574 Audite
627 549 782 589 quaeso
804 541 848 577 et
877 535 1057 578 intentis
1087 538 1304 579 mentibus
1326 538 1533 595 percipite
1562 554 1691 595 quam
1714 540 1889 582 sublimi

354 603 649 659 praerogativa
690 604 981 647 Thornensem
1023 607 1207 649 insulam
1249 610 1446 666 princeps
1482 610 1770 666 apostolorum
1808 611 1887 652 sibi

353 671 557 728 dignatus
593 672 650 714 sit
686 688 940 724 consecrare,
977 682 1021 717 et
1055 692 1183 732 quam
1220 678 1479 720 fiducialiter
1515 679 1559 720 in
1598 694 1648 720 ea
1683 679 1762 720 deo
1803 694 1887 721 ser-

354 741 519 782 vientes
549 741 642 797 ejus
670 742 856 785 debeant
883 745 1086 801 suffragia
1115 747 1352 802 implorare.
1415 748 1613 789 omnibus
1645 755 1694 790 ut
1722 748 1887 790 dictum

352 817 417 852 est
453 826 600 852 somno
637 813 859 868 oppressis,
896 814 1018 855 adest
1055 814 1144 870 ipse
1179 822 1324 870 pastor
1359 822 1504 858 noster
1545 817 1697 859 beatus
1735 818 1887 859 Petrus
1909 831 1925 859 5

351 895 479 936 super
508 881 644 937 ripam
675 882 942 933 Thamisiae3
980 884 1118 925 visum
1150 884 1192 925 in
1219 885 1303 926 alia
1333 885 1451 926 fluvii
1481 892 1602 942 parte
1632 887 1886 942 piscatorem

351 950 554 993 inclamat
583 952 637 992 ad
665 967 709 993 se
740 953 906 994 venire:
938 954 1013 1009 qui
1042 953 1077 995 si
1110 954 1240 996 vellet
1272 961 1316 996 et
1348 955 1391 996 in
1423 956 1516 1011 ipsa
1547 956 1687 997 insula
1717 964 1886 1012 poterat

350 1021 609 1076 apparuisse,
631 1022 705 1063 sed
735 1023 871 1064 voluit
901 1030 950 1065 ut
978 1023 1163 1065 arbitror
1190 1030 1347 1066 testem
1378 1026 1534 1067 habere
1563 1026 1701 1082 operis
1730 1027 1884 1083 agendi

350 1089 567 1131 hominem
590 1090 712 1132 officii
737 1091 815 1133 sui.
873 1093 986 1134 unde
1008 1093 1074 1134 bis
1097 1099 1247 1149 terque
1269 1094 1454 1136 accitum
1477 1095 1730 1150 piscatorem
1755 1097 1885 1138 habet

348 1173 445 1199 cum
482 1159 591 1201 navi.
655 1160 895 1202 transducit
928 1162 1103 1204 tandem
1136 1169 1359 1219 petentem
1394 1164 1648 1219 apostolum,
1677 1180 1761 1206 non
1793 1166 1884 1207 sine
1910 1183 1946 1203 10

347 1227 630 1270 admiratione
654 1235 798 1271 tamen
829 1231 932 1286 quid
961 1231 1135 1287 ignotus
1165 1232 1248 1281 ille,
1271 1238 1315 1274 et
1344 1233 1388 1274 in
1418 1234 1491 1274 llla
1520 1234 1713 1275 omnium
1742 1250 1884 1276 rerum

347 1296 504 1353 quiete,
527 1303 673 1353 petere
704 1299 833 1340 vellet
864 1305 982 1341 trans
1012 1300 1204 1343 fluvium.
1267 1307 1536 1344 transvectus
1565 1303 1670 1344 caeli
1700 1303 1886 1359 claviger

345 1372 587 1408 commonet
623 1367 710 1408 illic
744 1375 968 1424 expectare
1005 1370 1180 1419 socium,
1219 1371 1458 1426 laborisque
1496 1371 1561 1412 sui
1596 1372 1883 1413 certissimum

344 1435 572 1490 pollicetur
606 1437 857 1492 praemium.
924 1438 1069 1479 evadit
1101 1454 1122 1479 e
1154 1439 1253 1480 navi
1285 1439 1337 1480 ad
1370 1439 1543 1489 siccum,
1575 1440 1733 1496 illoque
1767 1457 1884 1497 spec-

345 1510 466 1545 tante
499 1511 636 1546 terrae
668 1506 850 1562 infigens
882 1507 1082 1548 baculum
1118 1515 1233 1550 creat
1268 1514 1365 1564 post
1398 1524 1442 1550 se
1480 1510 1642 1551 fontem
1677 1510 1858 1552 fluidum
1876 1526 1883 1562 3
1908 1527 1942 1557 15

343 1589 677 1630 progressusque
707 1576 933 1631 paululum
964 1576 1070 1618 item
1093 1577 1310 1633 infigendo
1336 1593 1464 1634 quem
1490 1579 1655 1621 ferebat
1681 1580 1882 1622 baculum

343 1649 559 1699 potestate
597 1660 674 1686 sua
710 1645 855 1687 educit
893 1652 937 1687 et
973 1647 1181 1689 alterum:
1219 1648 1292 1703 qui
1335 1648 1420 1689 duo
1462 1649 1602 1690 fontes
1644 1650 1769 1707 longo
1810 1651 1881 1693 de-

343 1713 561 1755 fluxerunt
584 1720 788 1771 tempore,
810 1715 944 1757 donec
966 1717 1298 1759 absorberentur
1326 1718 1371 1759 in
1400 1719 1591 1760 fluminis
1621 1720 1753 1770 alveo,
1777 1721 1882 1763 litus

341 1783 572 1824 devorante
594 1799 803 1840 aequoreo
826 1785 1061 1829 rheumate.
1110 1788 1187 1829 hoc
1210 1787 1254 1828 in
1275 1788 1396 1830 ducis
1419 1789 1485 1830 sui
1508 1789 1673 1831 intuitu
1696 1797 1880 1847 peracto,

342 1852 460 1894 vadit
491 1853 545 1893 ad
573 1853 655 1894 sibi
684 1854 926 1910 delegatam
953 1856 1185 1899 ecclesiam.
1247 1858 1512 1899 comitantur
1544 1874 1643 1900 eum
1675 1861 1879 1903 caelestes
1902 1878 1941 1899 20

340 1922 455 1963 chori
478 1923 706 1965 caelestem
736 1925 1072 1968 melodificantes
1098 1927 1392 1979 harmoniam;
1426 1943 1631 1984 vocesque
1660 1930 1878 1985 angelicae

339 1991 529 2047 adusque
562 1992 862 2035 celsitudinem
891 2010 1148 2051 personuere
1175 1997 1432 2040 aetheream.
1494 2013 1604 2039 nova
1631 1998 1700 2040 dei
1730 2006 1879 2056 nupta,

339 2067 611 2103 consecrante
653 2077 701 2103 eo
738 2063 812 2118 qui
849 2065 1014 2105 caelum
1049 2066 1212 2108 claudit
1249 2074 1293 2108 et
1326 2068 1477 2123 aperit,
1515 2069 1772 2110 caelestibus
1814 2086 1876 2111 re-

338 2130 536 2185 splendet
578 2131 885 2183 luminaribus;
932 2140 1108 2190 totoque
1145 2136 1383 2178 collucente
1420 2137 1588 2179 ambitu
1621 2138 1877 2181 candidatus

338 2199 522 2241 insulam
545 2200 734 2243 illustrat
752 2203 976 2246 exercitus.
1028 2210 1257 2260 patescunt
1275 2206 1458 2262 desuper
1474 2207 1660 2257 aethera,
1678 2209 1877 2265 quodque
1899 2225 1936 2255 25

337 2269 429 2325 agit
450 2271 667 2326 apostolus
689 2270 732 2312 in
760 2277 874 2313 terra
899 2279 1044 2314 actum
1074 2274 1189 2315 favet
1212 2274 1257 2315 in
1283 2275 1410 2316 caelis
1437 2275 1608 2318 divinae
1635 2277 1876 2332 majestatis

336 2340 541 2394 potentia.
603 2348 818 2397 spectator
843 2349 991 2398 stupet
1021 2344 1258 2395 attonitus3
1291 2346 1449 2387 nedum
1481 2346 1698 2388 discedere
1721 2355 1875 2403 posset,

336 2409 612 2463 permanendi
646 2417 762 2452 caret
794 2411 981 2463 viribus;
1027 2418 1204 2454 tenetur
1239 2415 1325 2455 solo
1358 2415 1543 2471 corporis
1580 2421 1777 2466 tremore,
1809 2418 1873 2458 sui

337 2477 469 2533 inops,
509 2479 741 2534 apostolico
782 2487 892 2522 nutu
936 2482 1105 2537 ligatus.
1191 2483 1226 2524 si
1269 2499 1313 2525 se
1356 2485 1535 2526 haberet
1578 2485 1622 2526 in
1664 2501 1740 2527 suo
1774 2487 1874 2542 jure

336 2547 598 2589 discessisset
641 2549 816 2604 utique3
867 2551 940 2591 sed
977 2551 1193 2593 retinetur
1225 2554 1469 2608 apostolicis
1508 2554 1702 2604 vinculis,
1735 2556 1872 2597 absol·
1894 2572 1934 2601 30

337 2616 499 2657 vendus
531 2617 777 2659 testimonio
807 2619 1014 2673 gloriosae
1046 2620 1232 2663 visionis.

424 2686 599 2727 Peracto
635 2686 687 2727 ad
724 2688 836 2743 quod
879 2695 1054 2731 venerat
1096 2690 1242 2739 officio,
1276 2691 1329 2732 ad
1371 2698 1549 2733 nautam
1592 2707 1718 2733 suum
1760 2694 1872 2736 redit

334 2755 550 2810 apostolus
593 2757 948 2807 tremebundum3
996 2773 1047 2799 ne
1084 2765 1240 2814 paveat
1281 2760 1466 2815 amplius
1508 2760 1677 2802 blandis
1718 2763 1871 2804 suadet

334 2823 609 2866 sermonibus.
687 2825 766 2875 Ne,
808 2825 961 2882 inquit,
1003 2827 1156 2869 timeas
1197 2844 1326 2884 super
1367 2829 1432 2870 his
1473 2844 1582 2885 quae
1624 2830 1784 2872 audisti
1827 2838 1869 2872 et

338 2892 506 2934 vidisti:
544 2900 645 2935 sunt
668 2894 783 2936 enim
806 2895 868 2937 ita
894 2912 943 2937 ex
972 2897 1195 2939 voluntate
1224 2898 1385 2939 domini
1406 2916 1412 2940 :
1446 2899 1638 2955 mihique
1667 2915 1720 2941 ne
1745 2901 1869 2942 dubi·
1892 2916 1929 2947 35

333 2967 398 3002 tes
434 2962 584 3004 audita
621 2969 665 3004 et
703 2963 792 3005 visa
823 2965 1002 3015 edicere,
1039 2972 1089 3007 ut
1131 2966 1260 3008 sciam
1299 2973 1444 3009 utrum
1484 2968 1683 3010 obstante
1715 2984 1869 3025 pavore

331 3031 522 3087 potueris
550 3031 737 3074 visorum
766 3048 899 3089 capax
929 3049 1031 3083 esse,
1061 3040 1105 3076 et
1133 3036 1237 3091 quid
1269 3051 1345 3092 per
1378 3042 1420 3078 te
1452 3038 1668 3079 notaveris
1699 3045 1868 3094 gestam

398 3157 414 3186 1
439 3156 601 3197 intentis]
620 3157 690 3190 Sul.
706 3171 712 3190 :
738 3158 816 3200 iltis
833 3159 862 3189 D
879 3172 885 3191 z
909 3159 994 3190 ffitis
1011 3159 1080 3191 W.:
1107 3160 1165 3191 itis
1183 3161 1240 3201 Sp.
1569 3165 1587 3195 7
1612 3163 1776 3195 reclamat
1795 3164 1866 3195 Sul.

332 3208 371 3240 17
395 3207 601 3240 effluxerunt
620 3209 690 3242 Sul.
957 3212 998 3242 24
1021 3212 1227 3252 collucente]
1246 3213 1338 3245 Sul.:
1364 3212 1446 3244 solis
1464 3213 1600 3245 lucente
1617 3215 1691 3245 DW
1710 3215 1768 3254 Sp.

332 3260 371 3290 32
395 3259 500 3290 rediit
519 3259 590 3291 Sul.
767 3262 808 3292 33
833 3264 970 3301 paveret
989 3262 1061 3295 Sul.
1241 3264 1283 3295 36
1307 3264 1545 3304 pavore]÷vel
1562 3269 1700 3305 stupore
1719 3266 1791 3298 Sul.
