<?xml version="1.0" encoding="UTF-8"?>
<!DOCTYPE html PUBLIC "-//W3C//DTD XHTML 1.0 Transitional//EN"
    "http://www.w3.org/TR/xhtml1/DTD/xhtml1-transitional.dtd">
<html xmlns="http://www.w3.org/1999/xhtml" xml:lang="en" lang="en">
 <head>
  <title>
</title>
<meta http-equiv="Content-Type" content="text/html;charset=utf-8" />
  <meta name='ocr-system' content='tesseract 3.04.00' />
  <meta name='ocr-capabilities' content='ocr_page ocr_carea ocr_par ocr_line ocrx_word'/>
</head>
<body>
  <div class='ocr_page' id='page_1' title='image "./historyofwestmin00flet_0120.png"; bbox 0 0 2385 3891; ppageno 0'>
   <div class='ocr_carea' id='block_1_1' title="bbox 460 431 1687 495">
    <p class='ocr_par' dir='ltr' id='par_1_1' title="bbox 460 431 1687 495">
     <span class='ocr_line' id='line_1_1' title="bbox 460 431 1687 495; baseline -0.006 -9"><span class='ocrx_word' id='word_1_1' title='bbox 460 441 553 486; x_wconf 81' lang='lat'>108</span> <span class='ocrx_word' id='word_1_2' title='bbox 757 435 940 484; x_wconf 74' lang='lat' dir='ltr'>Flete’s</span> <span class='ocrx_word' id='word_1_3' title='bbox 975 433 1200 495; x_wconf 69' lang='lat' dir='ltr'>History</span> <span class='ocrx_word' id='word_1_4' title='bbox 1236 431 1303 495; x_wconf 87' lang='lat' dir='ltr'>of</span> <span class='ocrx_word' id='word_1_5' title='bbox 1339 431 1687 480; x_wconf 69' lang='lat' dir='ltr'>Westminster</span> 
     </span>
    </p>
   </div>
   <div class='ocr_carea' id='block_1_2' title="bbox 452 555 2052 1309">
    <p class='ocr_par' dir='ltr' id='par_1_2' title="bbox 452 555 2052 1309">
     <span class='ocr_line' id='line_1_2' title="bbox 454 555 1990 613; baseline -0.004 -11"><span class='ocrx_word' id='word_1_6' title='bbox 454 561 544 602; x_wconf 87' lang='lat' dir='ltr'>xvi⁰</span> <span class='ocrx_word' id='word_1_7' title='bbox 573 575 684 601; x_wconf 90' lang='lat' dir='ltr'>anno</span> <span class='ocrx_word' id='word_1_8' title='bbox 715 559 780 600; x_wconf 90' lang='lat' dir='ltr'>sui</span> <span class='ocrx_word' id='word_1_9' title='bbox 813 557 1045 613; x_wconf 84' lang='lat' dir='ltr'>regiminis,</span> <span class='ocrx_word' id='word_1_10' title='bbox 1066 555 1453 598; x_wconf 84' lang='lat' dir='ltr'>excommunicavit</span> <span class='ocrx_word' id='word_1_11' title='bbox 1484 555 1537 596; x_wconf 87' lang='lat' dir='ltr'>ad</span> <span class='ocrx_word' id='word_1_12' title='bbox 1569 556 1822 597; x_wconf 88' lang='lat' dir='ltr'>instantiam</span> <span class='ocrx_word' id='word_1_13' title='bbox 1855 555 1990 597; x_wconf 87' lang='lat' dir='ltr'>totius</span> 
     </span>
     <span class='ocr_line' id='line_1_3' title="bbox 455 625 1989 681; baseline -0.005 -8"><span class='ocrx_word' id='word_1_14' title='bbox 455 636 689 672; x_wconf 85' lang='lat' dir='ltr'>conventus</span> <span class='ocrx_word' id='word_1_15' title='bbox 718 643 864 669; x_wconf 85' lang='lat' dir='ltr'>omnes</span> <span class='ocrx_word' id='word_1_16' title='bbox 891 625 1223 668; x_wconf 87' lang='lat' dir='ltr'>obedientiarios</span> <span class='ocrx_word' id='word_1_17' title='bbox 1251 625 1530 681; x_wconf 90' lang='lat' dir='ltr'>subscriptos:</span> <span class='ocrx_word' id='word_1_18' title='bbox 1563 625 1724 667; x_wconf 90' lang='lat' dir='ltr'>scilicet</span> <span class='ocrx_word' id='word_1_19' title='bbox 1757 625 1989 673; x_wconf 71' lang='lat' dir='ltr'>sacristam,</span> 
     </span>
     <span class='ocr_line' id='line_1_4' title="bbox 455 696 1988 752; baseline -0.004 -10"><span class='ocrx_word' id='word_1_20' title='bbox 455 700 747 747; x_wconf 88' lang='lat' dir='ltr'>infirmarium,</span> <span class='ocrx_word' id='word_1_21' title='bbox 779 697 1072 747; x_wconf 85' lang='lat' dir='ltr'>camerarium,</span> <span class='ocrx_word' id='word_1_22' title='bbox 1103 696 1412 752; x_wconf 80' lang='lat' dir='ltr'>coquinarium,</span> <span class='ocrx_word' id='word_1_23' title='bbox 1443 696 1825 745; x_wconf 78' lang='lat' dir='ltr'>eleemosina-rium,</span> <span class='ocrx_word' id='word_1_24' title='bbox 1861 696 1988 736; x_wconf 88' lang='lat' dir='ltr'>celer-</span> 
     </span>
     <span class='ocr_line' id='line_1_5' title="bbox 453 765 1990 825; baseline -0.004 -14"><span class='ocrx_word' id='word_1_25' title='bbox 453 771 604 819; x_wconf 82' lang='lat' dir='ltr'>arium,</span> <span class='ocrx_word' id='word_1_26' title='bbox 653 768 968 825; x_wconf 86' lang='lat' dir='ltr'>pitanciarium,</span> <span class='ocrx_word' id='word_1_27' title='bbox 1020 773 1064 808; x_wconf 93' lang='lat' dir='ltr'>et</span> <span class='ocrx_word' id='word_1_28' title='bbox 1114 772 1407 823; x_wconf 71' lang='lat' dir='ltr'>procuratores</span> <span class='ocrx_word' id='word_1_29' title='bbox 1463 771 1699 807; x_wconf 87' lang='lat' dir='ltr'>conventus</span> <span class='ocrx_word' id='word_1_30' title='bbox 1755 765 1807 806; x_wconf 92' lang='lat' dir='ltr'>de</span> <span class='ocrx_word' id='word_1_31' title='bbox 1863 765 1990 805; x_wconf 86' lang='lat' dir='ltr'>rebus</span> 
     </span>
     <span class='ocr_line' id='line_1_6' title="bbox 453 833 2028 892; baseline -0.004 -11"><span class='ocrx_word' id='word_1_32' title='bbox 453 838 747 887; x_wconf 68' lang='lat' dir='ltr'>exterioribus,</span> <span class='ocrx_word' id='word_1_33' title='bbox 793 837 867 892; x_wconf 90' lang='lat' dir='ltr'>qui</span> <span class='ocrx_word' id='word_1_34' title='bbox 912 836 1075 892; x_wconf 88' lang='lat' dir='ltr'>aliquid</span> <span class='ocrx_word' id='word_1_35' title='bbox 1122 836 1379 877; x_wconf 87' lang='lat' dir='ltr'>subtrahent</span> <span class='ocrx_word' id='word_1_36' title='bbox 1425 836 1489 876; x_wconf 89' lang='lat' dir='ltr'>vel</span> <span class='ocrx_word' id='word_1_37' title='bbox 1533 834 1786 876; x_wconf 88' lang='lat' dir='ltr'>alienabunt</span> <span class='ocrx_word' id='word_1_38' title='bbox 1832 834 1897 875; x_wconf 90' lang='lat' dir='ltr'>vel</span> <span class='ocrx_word' id='word_1_39' title='bbox 1946 833 1989 874; x_wconf 88' lang='lat' dir='ltr'>in</span> <span class='ocrx_word' id='word_1_40' title='bbox 2011 857 2028 885; x_wconf 77' lang='lat'><strong>5</strong></span> 
     </span>
     <span class='ocr_line' id='line_1_7' title="bbox 453 902 1990 963; baseline -0.005 -13"><span class='ocrx_word' id='word_1_41' title='bbox 453 923 555 950; x_wconf 88' lang='lat' dir='ltr'>usus</span> <span class='ocrx_word' id='word_1_42' title='bbox 590 906 781 963; x_wconf 89' lang='lat' dir='ltr'>proprios</span> <span class='ocrx_word' id='word_1_43' title='bbox 814 911 1065 947; x_wconf 84' lang='lat' dir='ltr'>convertent</span> <span class='ocrx_word' id='word_1_44' title='bbox 1101 905 1153 946; x_wconf 89' lang='lat' dir='ltr'>de</span> <span class='ocrx_word' id='word_1_45' title='bbox 1190 903 1448 946; x_wconf 68' lang='lat' dir='ltr'>obedientiis</span> <span class='ocrx_word' id='word_1_46' title='bbox 1483 903 1571 944; x_wconf 91' lang='lat' dir='ltr'>suis</span> <span class='ocrx_word' id='word_1_47' title='bbox 1610 903 1673 944; x_wconf 87' lang='lat' dir='ltr'>vel</span> <span class='ocrx_word' id='word_1_48' title='bbox 1710 902 1990 959; x_wconf 70' lang='lat' dir='ltr'>proventibus</span> 
     </span>
     <span class='ocr_line' id='line_1_8' title="bbox 453 972 1991 1028; baseline -0.003 -10"><span class='ocrx_word' id='word_1_49' title='bbox 453 976 796 1018; x_wconf 70' lang='lat' dir='ltr'>obedientiarum</span> <span class='ocrx_word' id='word_1_50' title='bbox 837 974 1054 1016; x_wconf 88' lang='lat' dir='ltr'>occasione</span> <span class='ocrx_word' id='word_1_51' title='bbox 1096 974 1325 1015; x_wconf 88' lang='lat' dir='ltr'>amotionis</span> <span class='ocrx_word' id='word_1_52' title='bbox 1358 988 1484 1014; x_wconf 88' lang='lat' dir='ltr'>suae:</span> <span class='ocrx_word' id='word_1_53' title='bbox 1527 973 1603 1014; x_wconf 92' lang='lat' dir='ltr'>hoc</span> <span class='ocrx_word' id='word_1_54' title='bbox 1640 973 1754 1014; x_wconf 88' lang='lat' dir='ltr'>salvo</span> <span class='ocrx_word' id='word_1_55' title='bbox 1791 972 1904 1028; x_wconf 89' lang='lat' dir='ltr'>quod</span> <span class='ocrx_word' id='word_1_56' title='bbox 1941 987 1991 1013; x_wconf 86' lang='lat' dir='ltr'>ea</span> 
     </span>
     <span class='ocr_line' id='line_1_9' title="bbox 452 1040 1988 1102; baseline -0.004 -14"><span class='ocrx_word' id='word_1_57' title='bbox 452 1062 560 1102; x_wconf 89' lang='lat' dir='ltr'>quae</span> <span class='ocrx_word' id='word_1_58' title='bbox 602 1046 654 1087; x_wconf 91' lang='lat' dir='ltr'>de</span> <span class='ocrx_word' id='word_1_59' title='bbox 696 1043 862 1086; x_wconf 89' lang='lat' dir='ltr'>catallis</span> <span class='ocrx_word' id='word_1_60' title='bbox 898 1050 1091 1099; x_wconf 88' lang='lat' dir='ltr'>tempore</span> <span class='ocrx_word' id='word_1_61' title='bbox 1133 1042 1361 1084; x_wconf 89' lang='lat' dir='ltr'>amotionis</span> <span class='ocrx_word' id='word_1_62' title='bbox 1403 1057 1504 1084; x_wconf 82' lang='lat' dir='ltr'>suae</span> <span class='ocrx_word' id='word_1_63' title='bbox 1546 1042 1590 1083; x_wconf 90' lang='lat' dir='ltr'>in</span> <span class='ocrx_word' id='word_1_64' title='bbox 1632 1041 1889 1083; x_wconf 89' lang='lat' dir='ltr'>obedientiis</span> <span class='ocrx_word' id='word_1_65' title='bbox 1926 1040 1988 1082; x_wconf 94' lang='lat' dir='ltr'>in-</span> 
     </span>
     <span class='ocr_line' id='line_1_10' title="bbox 453 1110 1988 1170; baseline -0.005 -13"><span class='ocrx_word' id='word_1_66' title='bbox 453 1116 680 1158; x_wconf 90' lang='lat' dir='ltr'>venientur</span> <span class='ocrx_word' id='word_1_67' title='bbox 711 1114 815 1170; x_wconf 88' lang='lat' dir='ltr'>ipsis</span> <span class='ocrx_word' id='word_1_68' title='bbox 845 1113 899 1154; x_wconf 88' lang='lat' dir='ltr'>ad</span> <span class='ocrx_word' id='word_1_69' title='bbox 930 1112 1215 1168; x_wconf 85' lang='lat' dir='ltr'>acquietanda</span> <span class='ocrx_word' id='word_1_70' title='bbox 1242 1112 1390 1154; x_wconf 89' lang='lat' dir='ltr'>debita</span> <span class='ocrx_word' id='word_1_71' title='bbox 1417 1127 1494 1153; x_wconf 89' lang='lat' dir='ltr'>sua</span> <span class='ocrx_word' id='word_1_72' title='bbox 1519 1111 1803 1167; x_wconf 74' lang='lat' dir='ltr'>assignentur,</span> <span class='ocrx_word' id='word_1_73' title='bbox 1829 1110 1863 1151; x_wconf 92' lang='lat' dir='ltr'>si</span> <span class='ocrx_word' id='word_1_74' title='bbox 1893 1125 1988 1151; x_wconf 89' lang='lat' dir='ltr'>con-</span> 
     </span>
     <span class='ocr_line' id='line_1_11' title="bbox 453 1179 2052 1242; baseline -0.003 -15"><span class='ocrx_word' id='word_1_75' title='bbox 453 1186 594 1242; x_wconf 83' lang='lat' dir='ltr'>tingat</span> <span class='ocrx_word' id='word_1_76' title='bbox 617 1199 687 1225; x_wconf 90' lang='lat' dir='ltr'>eos</span> <span class='ocrx_word' id='word_1_77' title='bbox 708 1182 867 1224; x_wconf 86' lang='lat' dir='ltr'>debitis</span> <span class='ocrx_word' id='word_1_78' title='bbox 889 1181 1086 1237; x_wconf 79' lang='lat' dir='ltr'>obligari3</span> <span class='ocrx_word' id='word_1_79' title='bbox 1120 1181 1185 1222; x_wconf 88' lang='lat' dir='ltr'>vel</span> <span class='ocrx_word' id='word_1_80' title='bbox 1213 1180 1403 1236; x_wconf 89' lang='lat' dir='ltr'>pretium</span> <span class='ocrx_word' id='word_1_81' title='bbox 1432 1180 1684 1221; x_wconf 89' lang='lat' dir='ltr'>catallorum</span> <span class='ocrx_word' id='word_1_82' title='bbox 1714 1179 1988 1220; x_wconf 90' lang='lat' dir='ltr'>inventorum</span> <span class='ocrx_word' id='word_1_83' title='bbox 2015 1202 2052 1222; x_wconf 87' lang='lat'>10</span> 
     </span>
     <span class='ocr_line' id='line_1_12' title="bbox 452 1247 1990 1309; baseline -0.005 -14"><span class='ocrx_word' id='word_1_84' title='bbox 452 1253 554 1309; x_wconf 90' lang='lat' dir='ltr'>ipsis</span> <span class='ocrx_word' id='word_1_85' title='bbox 604 1252 893 1294; x_wconf 84' lang='lat' dir='ltr'>restituantur</span> <span class='ocrx_word' id='word_1_86' title='bbox 942 1250 1201 1300; x_wconf 86' lang='lat' dir='ltr'>amovendis,</span> <span class='ocrx_word' id='word_1_87' title='bbox 1252 1256 1297 1291; x_wconf 89' lang='lat' dir='ltr'>et</span> <span class='ocrx_word' id='word_1_88' title='bbox 1348 1250 1406 1291; x_wconf 89' lang='lat' dir='ltr'>sic</span> <span class='ocrx_word' id='word_1_89' title='bbox 1457 1249 1612 1290; x_wconf 87' lang='lat' dir='ltr'>catalla</span> <span class='ocrx_word' id='word_1_90' title='bbox 1661 1247 1990 1289; x_wconf 86' lang='lat' dir='ltr'>succedentibus</span> 
     </span>
    </p>
   </div>
   <div class='ocr_carea' id='block_1_3' title="bbox 165 1324 2048 1728">
    <p class='ocr_par' dir='ltr' id='par_1_3' title="bbox 451 1324 760 1379">
     <span class='ocr_line' id='line_1_13' title="bbox 451 1324 760 1379; baseline -0.006 -14"><span class='ocrx_word' id='word_1_91' title='bbox 451 1324 760 1379; x_wconf 85' lang='lat' dir='ltr'>relinquantur.</span> 
     </span>
    </p>

    <p class='ocr_par' dir='ltr' id='par_1_4' title="bbox 168 1389 1990 1450">
     <span class='ocr_line' id='line_1_14' title="bbox 168 1389 1990 1450; baseline -0.003 -16"><span class='ocrx_word' id='word_1_92' title='bbox 168 1411 246 1442; x_wconf 86' lang='lat' dir='ltr'>Two</span> <span class='ocrx_word' id='word_1_93' title='bbox 262 1420 362 1450; x_wconf 82' lang='lat' dir='ltr'>green</span> <span class='ocrx_word' id='word_1_94' title='bbox 538 1393 633 1445; x_wconf 75' lang='lat' dir='ltr'>Quo</span> <span class='ocrx_word' id='word_1_95' title='bbox 670 1392 801 1433; x_wconf 87' lang='lat' dir='ltr'>etiam</span> <span class='ocrx_word' id='word_1_96' title='bbox 844 1390 912 1432; x_wconf 89' lang='lat' dir='ltr'>die</span> <span class='ocrx_word' id='word_1_97' title='bbox 953 1390 1199 1446; x_wconf 84' lang='lat' dir='ltr'>praedictus</span> <span class='ocrx_word' id='word_1_98' title='bbox 1239 1390 1372 1431; x_wconf 85' lang='lat' dir='ltr'>abbas</span> <span class='ocrx_word' id='word_1_99' title='bbox 1413 1390 1458 1431; x_wconf 91' lang='lat' dir='ltr'>in</span> <span class='ocrx_word' id='word_1_100' title='bbox 1495 1389 1683 1446; x_wconf 89' lang='lat' dir='ltr'>capitulo</span> <span class='ocrx_word' id='word_1_101' title='bbox 1721 1404 1860 1430; x_wconf 87' lang='lat' dir='ltr'>coram</span> <span class='ocrx_word' id='word_1_102' title='bbox 1898 1393 1990 1429; x_wconf 89' lang='lat' dir='ltr'>toto</span> 
     </span>
    </p>

    <p class='ocr_par' dir='ltr' id='par_1_5' title="bbox 167 1457 2048 1655">
     <span class='ocr_line' id='line_1_15' title="bbox 167 1457 1989 1515; baseline -0.003 -11"><span class='ocrx_word' id='word_1_103' title='bbox 167 1464 275 1494; x_wconf 81' lang='lat' dir='ltr'>copes.</span> <span class='ocrx_word' id='word_1_104' title='bbox 450 1467 662 1503; x_wconf 85' lang='lat' dir='ltr'>conventu</span> <span class='ocrx_word' id='word_1_105' title='bbox 693 1460 812 1502; x_wconf 88' lang='lat' dir='ltr'>dedit</span> <span class='ocrx_word' id='word_1_106' title='bbox 840 1459 1041 1501; x_wconf 86' lang='lat' dir='ltr'>ecclesiae</span> <span class='ocrx_word' id='word_1_107' title='bbox 1066 1459 1516 1501; x_wconf 86' lang='lat' dir='ltr'>Westmonasteriensi</span> <span class='ocrx_word' id='word_1_108' title='bbox 1545 1459 1652 1500; x_wconf 88' lang='lat' dir='ltr'>duas</span> <span class='ocrx_word' id='word_1_109' title='bbox 1678 1474 1803 1515; x_wconf 87' lang='lat' dir='ltr'>capas</span> <span class='ocrx_word' id='word_1_110' title='bbox 1833 1457 1989 1499; x_wconf 90' lang='lat' dir='ltr'>virides</span> 
     </span>
     <span class='ocr_line' id='line_1_16' title="bbox 450 1527 2048 1584; baseline -0.003 -13"><span class='ocrx_word' id='word_1_111' title='bbox 450 1531 655 1572; x_wconf 80' lang='lat' dir='ltr'>brudatas</span> <span class='ocrx_word' id='word_1_112' title='bbox 695 1529 828 1583; x_wconf 85' lang='lat' dir='ltr'>(unde</span> <span class='ocrx_word' id='word_1_113' title='bbox 878 1544 962 1570; x_wconf 87' lang='lat' dir='ltr'>una</span> <span class='ocrx_word' id='word_1_114' title='bbox 1009 1544 1107 1569; x_wconf 88' lang='lat' dir='ltr'>cum</span> <span class='ocrx_word' id='word_1_115' title='bbox 1155 1527 1284 1569; x_wconf 82' lang='lat' dir='ltr'>armis</span> <span class='ocrx_word' id='word_1_116' title='bbox 1325 1528 1516 1584; x_wconf 87' lang='lat' dir='ltr'>antiquis</span> <span class='ocrx_word' id='word_1_117' title='bbox 1557 1527 1740 1583; x_wconf 82' lang='lat' dir='ltr'>Angliae</span> <span class='ocrx_word' id='word_1_118' title='bbox 1782 1533 1826 1568; x_wconf 91' lang='lat' dir='ltr'>et</span> <span class='ocrx_word' id='word_1_119' title='bbox 1867 1527 1989 1568; x_wconf 90' lang='lat' dir='ltr'>nodis</span> <span class='ocrx_word' id='word_1_120' title='bbox 2014 1543 2048 1573; x_wconf 84' lang='lat'>15</span> 
     </span>
     <span class='ocr_line' id='line_1_17' title="bbox 450 1597 1987 1655; baseline -0.003 -13"><span class='ocrx_word' id='word_1_121' title='bbox 450 1600 732 1654; x_wconf 82' lang='lat' dir='ltr'>intermixtis)</span> <span class='ocrx_word' id='word_1_122' title='bbox 754 1614 859 1655; x_wconf 88' lang='lat' dir='ltr'>quas</span> <span class='ocrx_word' id='word_1_123' title='bbox 881 1605 1043 1640; x_wconf 88' lang='lat' dir='ltr'>emerat</span> <span class='ocrx_word' id='word_1_124' title='bbox 1065 1598 1311 1654; x_wconf 86' lang='lat' dir='ltr'>sumptibus</span> <span class='ocrx_word' id='word_1_125' title='bbox 1333 1598 1420 1640; x_wconf 89' lang='lat' dir='ltr'>suis</span> <span class='ocrx_word' id='word_1_126' title='bbox 1442 1598 1623 1654; x_wconf 87' lang='lat' dir='ltr'>propriis</span> <span class='ocrx_word' id='word_1_127' title='bbox 1644 1598 1698 1638; x_wconf 88' lang='lat' dir='ltr'>ad</span> <span class='ocrx_word' id='word_1_128' title='bbox 1726 1597 1794 1638; x_wconf 91' lang='lat' dir='ltr'>dei</span> <span class='ocrx_word' id='word_1_129' title='bbox 1817 1597 1987 1638; x_wconf 89' lang='lat' dir='ltr'>laudem</span> 
     </span>
    </p>

    <p class='ocr_par' dir='ltr' id='par_1_6' title="bbox 165 1666 1990 1728">
     <span class='ocr_line' id='line_1_18' title="bbox 165 1666 1990 1728; baseline -0.003 -15"><span class='ocrx_word' id='word_1_130' title='bbox 165 1690 192 1719; x_wconf 90' lang='lat' dir='ltr'>A</span> <span class='ocrx_word' id='word_1_131' title='bbox 209 1692 345 1728; x_wconf 79' lang='lat' dir='ltr'>pattern</span> <span class='ocrx_word' id='word_1_132' title='bbox 449 1677 493 1712; x_wconf 86' lang='lat' dir='ltr'>et</span> <span class='ocrx_word' id='word_1_133' title='bbox 511 1670 710 1712; x_wconf 85' lang='lat' dir='ltr'>ecclesiae</span> <span class='ocrx_word' id='word_1_134' title='bbox 728 1669 796 1710; x_wconf 89' lang='lat' dir='ltr'>cui</span> <span class='ocrx_word' id='word_1_135' title='bbox 815 1667 1087 1724; x_wconf 83' lang='lat' dir='ltr'>praesidebat</span> <span class='ocrx_word' id='word_1_136' title='bbox 1104 1669 1341 1724; x_wconf 87' lang='lat' dir='ltr'>proficuum</span> <span class='ocrx_word' id='word_1_137' title='bbox 1359 1674 1403 1709; x_wconf 87' lang='lat' dir='ltr'>et</span> <span class='ocrx_word' id='word_1_138' title='bbox 1417 1667 1630 1709; x_wconf 88' lang='lat' dir='ltr'>honorem.</span> <span class='ocrx_word' id='word_1_139' title='bbox 1673 1666 1840 1707; x_wconf 87' lang='lat' dir='ltr'>discant</span> <span class='ocrx_word' id='word_1_140' title='bbox 1855 1666 1990 1722; x_wconf 88' lang='lat' dir='ltr'>igitur</span> 
     </span>
    </p>
   </div>
   <div class='ocr_carea' id='block_1_4' title="bbox 160 1733 2050 2972">
    <p class='ocr_par' dir='ltr' id='par_1_7' title="bbox 165 1733 2050 2000">
     <span class='ocr_line' id='line_1_19' title="bbox 165 1733 1989 1793; baseline -0.003 -12"><span class='ocrx_word' id='word_1_141' title='bbox 165 1733 279 1763; x_wconf 81' lang='lat' dir='ltr'>abbot.</span> <span class='ocrx_word' id='word_1_142' title='bbox 449 1739 627 1780; x_wconf 85' lang='lat' dir='ltr'>abbates</span> <span class='ocrx_word' id='word_1_143' title='bbox 663 1738 797 1779; x_wconf 84' lang='lat' dir='ltr'>futuri</span> <span class='ocrx_word' id='word_1_144' title='bbox 836 1737 965 1793; x_wconf 89' lang='lat' dir='ltr'>hujus</span> <span class='ocrx_word' id='word_1_145' title='bbox 1002 1736 1183 1792; x_wconf 85' lang='lat' dir='ltr'>pastoris</span> <span class='ocrx_word' id='word_1_146' title='bbox 1216 1736 1398 1793; x_wconf 84' lang='lat' dir='ltr'>vestigia</span> <span class='ocrx_word' id='word_1_147' title='bbox 1429 1736 1561 1792; x_wconf 90' lang='lat' dir='ltr'>sequi,</span> <span class='ocrx_word' id='word_1_148' title='bbox 1593 1735 1667 1792; x_wconf 89' lang='lat' dir='ltr'>qui</span> <span class='ocrx_word' id='word_1_149' title='bbox 1699 1735 1802 1776; x_wconf 89' lang='lat' dir='ltr'>dum</span> <span class='ocrx_word' id='word_1_150' title='bbox 1835 1735 1879 1775; x_wconf 89' lang='lat' dir='ltr'>in</span> <span class='ocrx_word' id='word_1_151' title='bbox 1910 1735 1989 1775; x_wconf 89' lang='lat' dir='ltr'>hac</span> 
     </span>
     <span class='ocr_line' id='line_1_20' title="bbox 450 1805 1988 1862; baseline -0.003 -13"><span class='ocrx_word' id='word_1_152' title='bbox 450 1808 618 1849; x_wconf 86' lang='lat' dir='ltr'>mortali</span> <span class='ocrx_word' id='word_1_153' title='bbox 655 1822 779 1849; x_wconf 89' lang='lat' dir='ltr'>carne</span> <span class='ocrx_word' id='word_1_154' title='bbox 821 1806 985 1847; x_wconf 86' lang='lat' dir='ltr'>viveret</span> <span class='ocrx_word' id='word_1_155' title='bbox 1025 1806 1247 1862; x_wconf 88' lang='lat' dir='ltr'>speculum</span> <span class='ocrx_word' id='word_1_156' title='bbox 1289 1806 1497 1847; x_wconf 88' lang='lat' dir='ltr'>bonorum</span> <span class='ocrx_word' id='word_1_157' title='bbox 1535 1820 1710 1861; x_wconf 90' lang='lat' dir='ltr'>operum</span> <span class='ocrx_word' id='word_1_158' title='bbox 1748 1805 1886 1845; x_wconf 87' lang='lat' dir='ltr'>factus</span> <span class='ocrx_word' id='word_1_159' title='bbox 1923 1809 1988 1845; x_wconf 89' lang='lat' dir='ltr'>est</span> 
     </span>
     <span class='ocr_line' id='line_1_21' title="bbox 449 1873 2050 1932; baseline -0.003 -13"><span class='ocrx_word' id='word_1_160' title='bbox 449 1877 619 1927; x_wconf 86' lang='lat' dir='ltr'>mundo,</span> <span class='ocrx_word' id='word_1_161' title='bbox 653 1883 697 1918; x_wconf 90' lang='lat' dir='ltr'>et</span> <span class='ocrx_word' id='word_1_162' title='bbox 733 1875 960 1932; x_wconf 87' lang='lat' dir='ltr'>praecipue</span> <span class='ocrx_word' id='word_1_163' title='bbox 999 1875 1098 1916; x_wconf 92' lang='lat' dir='ltr'>huic</span> <span class='ocrx_word' id='word_1_164' title='bbox 1130 1875 1399 1925; x_wconf 85' lang='lat' dir='ltr'>monasterio,</span> <span class='ocrx_word' id='word_1_165' title='bbox 1432 1881 1481 1916; x_wconf 91' lang='lat' dir='ltr'>ut</span> <span class='ocrx_word' id='word_1_166' title='bbox 1517 1880 1639 1931; x_wconf 86' lang='lat' dir='ltr'>patet</span> <span class='ocrx_word' id='word_1_167' title='bbox 1676 1873 1894 1930; x_wconf 88' lang='lat' dir='ltr'>superius:</span> <span class='ocrx_word' id='word_1_168' title='bbox 1944 1879 1987 1914; x_wconf 91' lang='lat' dir='ltr'>et</span> <span class='ocrx_word' id='word_1_169' title='bbox 2010 1890 2050 1911; x_wconf 80' lang='lat'>20</span> 
     </span>
     <span class='ocr_line' id='line_1_22' title="bbox 448 1943 1598 2000; baseline -0.002 -13"><span class='ocrx_word' id='word_1_170' title='bbox 448 1947 542 1988; x_wconf 87' lang='lat' dir='ltr'>ideo</span> <span class='ocrx_word' id='word_1_171' title='bbox 564 1961 661 1987; x_wconf 90' lang='lat' dir='ltr'>cum</span> <span class='ocrx_word' id='word_1_172' title='bbox 685 1945 858 1988; x_wconf 86' lang='lat' dir='ltr'>Christo</span> <span class='ocrx_word' id='word_1_173' title='bbox 873 1945 966 2000; x_wconf 87' lang='lat' dir='ltr'>jam</span> <span class='ocrx_word' id='word_1_174' title='bbox 989 1944 1080 1985; x_wconf 84' lang='lat' dir='ltr'>sine</span> <span class='ocrx_word' id='word_1_175' title='bbox 1102 1944 1187 1985; x_wconf 90' lang='lat' dir='ltr'>fine</span> <span class='ocrx_word' id='word_1_176' title='bbox 1208 1944 1371 2000; x_wconf 84' lang='lat' dir='ltr'>gaudet</span> <span class='ocrx_word' id='word_1_177' title='bbox 1393 1943 1437 1985; x_wconf 87' lang='lat' dir='ltr'>in</span> <span class='ocrx_word' id='word_1_178' title='bbox 1459 1943 1598 1985; x_wconf 85' lang='lat' dir='ltr'>caelis.</span> 
     </span>
    </p>

    <p class='ocr_par' dir='ltr' id='par_1_8' title="bbox 163 2014 1355 2070">
     <span class='ocr_line' id='line_1_23' title="bbox 163 2014 1355 2070; baseline -0.002 -12"><span class='ocrx_word' id='word_1_179' title='bbox 163 2038 314 2070; x_wconf 78' lang='lat' dir='ltr'>Richard</span> <span class='ocrx_word' id='word_1_180' title='bbox 535 2017 599 2058; x_wconf 91' lang='lat' dir='ltr'>De</span> <span class='ocrx_word' id='word_1_181' title='bbox 622 2015 834 2056; x_wconf 87' lang='lat' dir='ltr'>Richardo</span> <span class='ocrx_word' id='word_1_182' title='bbox 856 2014 907 2056; x_wconf 90' lang='lat' dir='ltr'>de</span> <span class='ocrx_word' id='word_1_183' title='bbox 931 2014 1166 2070; x_wconf 85' lang='lat' dir='ltr'>Crokesley</span> <span class='ocrx_word' id='word_1_184' title='bbox 1187 2014 1355 2056; x_wconf 83' lang='lat' dir='ltr'>abbate.</span> 
     </span>
    </p>

    <p class='ocr_par' dir='ltr' id='par_1_9' title="bbox 163 2081 1989 2139">
     <span class='ocr_line' id='line_1_24' title="bbox 163 2081 1989 2139; baseline -0.002 -12"><span class='ocrx_word' id='word_1_185' title='bbox 163 2081 354 2122; x_wconf 75' lang='lat' dir='ltr'>Crokesley.</span> <span class='ocrx_word' id='word_1_186' title='bbox 533 2084 742 2126; x_wconf 84' lang='lat' dir='ltr'>Ricardus</span> <span class='ocrx_word' id='word_1_187' title='bbox 770 2084 823 2125; x_wconf 92' lang='lat' dir='ltr'>de</span> <span class='ocrx_word' id='word_1_188' title='bbox 850 2083 1081 2139; x_wconf 84' lang='lat' dir='ltr'>Crokesley</span> <span class='ocrx_word' id='word_1_189' title='bbox 1103 2083 1306 2125; x_wconf 88' lang='lat' dir='ltr'>successit</span> <span class='ocrx_word' id='word_1_190' title='bbox 1337 2083 1519 2124; x_wconf 86' lang='lat' dir='ltr'>Ricardo</span> <span class='ocrx_word' id='word_1_191' title='bbox 1541 2083 1769 2139; x_wconf 84' lang='lat' dir='ltr'>praedicto.</span> <span class='ocrx_word' id='word_1_192' title='bbox 1831 2082 1883 2124; x_wconf 92' lang='lat' dir='ltr'>de</span> <span class='ocrx_word' id='word_1_193' title='bbox 1905 2098 1989 2138; x_wconf 88' lang='lat' dir='ltr'>qno</span> 
     </span>
    </p>

    <p class='ocr_par' dir='ltr' id='par_1_10' title="bbox 162 2153 1986 2209">
     <span class='ocr_line' id='line_1_25' title="bbox 162 2153 1986 2209; baseline -0.005 -6"><span class='ocrx_word' id='word_1_194' title='bbox 162 2171 264 2202; x_wconf 84' lang='lat' dir='ltr'>From</span> <span class='ocrx_word' id='word_1_195' title='bbox 282 2171 396 2201; x_wconf 81' lang='lat' dir='ltr'>Flores</span> <span class='ocrx_word' id='word_1_196' title='bbox 445 2155 591 2197; x_wconf 89' lang='lat' dir='ltr'>taliter</span> <span class='ocrx_word' id='word_1_197' title='bbox 611 2154 813 2196; x_wconf 86' lang='lat' dir='ltr'>scribitur</span> <span class='ocrx_word' id='word_1_198' title='bbox 834 2154 879 2195; x_wconf 93' lang='lat' dir='ltr'>in</span> <span class='ocrx_word' id='word_1_199' title='bbox 902 2153 1009 2195; x_wconf 90' lang='lat' dir='ltr'>libro</span> <span class='ocrx_word' id='word_1_200' title='bbox 1032 2153 1106 2209; x_wconf 92' lang='lat' dir='ltr'>qui</span> <span class='ocrx_word' id='word_1_201' title='bbox 1125 2159 1301 2194; x_wconf 89' lang='lat' dir='ltr'>vocatur</span> <span class='ocrx_word' id='word_1_202' title='bbox 1323 2154 1467 2195; x_wconf 86' lang='lat' dir='ltr'>Flores</span> <span class='ocrx_word' id='word_1_203' title='bbox 1485 2153 1793 2194; x_wconf 86' lang='lat' dir='ltr'>Historiarum:</span> <span class='ocrx_word' id='word_1_204' title='bbox 1827 2153 1986 2194; x_wconf 88' lang='lat' dir='ltr'>Eodem</span> 
     </span>
    </p>

    <p class='ocr_par' dir='ltr' id='par_1_11' title="bbox 162 2213 2046 2303">
     <span class='ocr_line' id='line_1_26' title="bbox 162 2213 2046 2303; baseline -0.002 -38"><span class='ocrx_word' id='word_1_205' title='bbox 162 2216 304 2294; x_wconf 42' lang='lat' dir='ltr'>{illisae}</span> <span class='ocrx_word' id='word_1_206' title='bbox 319 2213 415 2303; x_wconf 40' lang='grc' dir='ltr'>ἓξὲξ·</span> <span class='ocrx_word' id='word_1_207' title='bbox 444 2224 525 2273; x_wconf 88' lang='lat' dir='ltr'>die,</span> <span class='ocrx_word' id='word_1_208' title='bbox 558 2239 642 2279; x_wconf 87' lang='lat' dir='ltr'>quo</span> <span class='ocrx_word' id='word_1_209' title='bbox 679 2229 853 2264; x_wconf 87' lang='lat' dir='ltr'>sanctus</span> <span class='ocrx_word' id='word_1_210' title='bbox 891 2222 1147 2263; x_wconf 86' lang='lat' dir='ltr'>Edmundus</span> <span class='ocrx_word' id='word_1_211' title='bbox 1183 2222 1525 2278; x_wconf 86' lang='lat' dir='ltr'>archiepiscopus</span> <span class='ocrx_word' id='word_1_212' title='bbox 1558 2221 1882 2264; x_wconf 83' lang='lat' dir='ltr'>Cantuariensis</span> <span class='ocrx_word' id='word_1_213' title='bbox 1912 2236 1989 2277; x_wconf 91' lang='lat' dir='ltr'>per</span> <span class='ocrx_word' id='word_1_214' title='bbox 2009 2237 2046 2266; x_wconf 80' lang='lat'>²5</span> 
     </span>
    </p>

    <p class='ocr_par' dir='ltr' id='par_1_12' title="bbox 162 2290 1988 2348">
     <span class='ocr_line' id='line_1_27' title="bbox 162 2290 1988 2348; baseline -0.003 -12"><span class='ocrx_word' id='word_1_215' title='bbox 162 2307 238 2338; x_wconf 80' lang='lat' dir='ltr'>Dee.</span> <span class='ocrx_word' id='word_1_216' title='bbox 261 2307 355 2343; x_wconf 83' lang='lat'>1246,</span> <span class='ocrx_word' id='word_1_217' title='bbox 370 2306 428 2337; x_wconf 81' lang='lat' dir='ltr'>the</span> <span class='ocrx_word' id='word_1_218' title='bbox 445 2293 749 2335; x_wconf 87' lang='lat' dir='ltr'>Innocentium</span> <span class='ocrx_word' id='word_1_219' title='bbox 772 2307 929 2348; x_wconf 88' lang='lat' dir='ltr'>papam</span> <span class='ocrx_word' id='word_1_220' title='bbox 947 2298 1151 2347; x_wconf 70' lang='lat' dir='ltr'>quartum</span> <span class='ocrx_word' id='word_1_221' title='bbox 1173 2291 1448 2333; x_wconf 85' lang='lat' dir='ltr'>canonizatus</span> <span class='ocrx_word' id='word_1_222' title='bbox 1465 2298 1541 2341; x_wconf 89' lang='lat' dir='ltr'>est,</span> <span class='ocrx_word' id='word_1_223' title='bbox 1560 2290 1759 2332; x_wconf 86' lang='lat' dir='ltr'>videlicet</span> <span class='ocrx_word' id='word_1_224' title='bbox 1776 2290 1988 2331; x_wconf 87' lang='lat' dir='ltr'>dominica</span> 
     </span>
    </p>

    <p class='ocr_par' dir='ltr' id='par_1_13' title="bbox 162 2350 1987 2435">
     <span class='ocr_line' id='line_1_28' title="bbox 162 2350 1987 2435; baseline -0.001 -32"><span class='ocrx_word' id='word_1_225' title='bbox 162 2350 405 2424; x_wconf 43' lang='lat' dir='ltr'>{¹233}ssssOE</span> <span class='ocrx_word' id='word_1_226' title='bbox 444 2362 638 2419; x_wconf 85' lang='lat' dir='ltr'>proxima</span> <span class='ocrx_word' id='word_1_227' title='bbox 668 2367 769 2402; x_wconf 87' lang='lat' dir='ltr'>ante</span> <span class='ocrx_word' id='word_1_228' title='bbox 802 2361 945 2402; x_wconf 89' lang='lat' dir='ltr'>natale</span> <span class='ocrx_word' id='word_1_229' title='bbox 977 2360 1151 2410; x_wconf 86' lang='lat' dir='ltr'>domini,</span> <span class='ocrx_word' id='word_1_230' title='bbox 1185 2360 1391 2416; x_wconf 84' lang='lat' dir='ltr'>magister</span> <span class='ocrx_word' id='word_1_231' title='bbox 1422 2360 1630 2401; x_wconf 84' lang='lat' dir='ltr'>Ricardus</span> <span class='ocrx_word' id='word_1_232' title='bbox 1666 2360 1718 2401; x_wconf 88' lang='lat' dir='ltr'>de</span> <span class='ocrx_word' id='word_1_233' title='bbox 1756 2359 1987 2435; x_wconf 83' lang='lat' dir='ltr'>Crokesley</span> 
     </span>
    </p>

    <p class='ocr_par' dir='ltr' id='par_1_14' title="bbox 160 2429 1986 2506">
     <span class='ocr_line' id='line_1_29' title="bbox 160 2429 1986 2506; baseline -0.003 -31"><span class='ocrx_word' id='word_1_234' title='bbox 160 2437 196 2467; x_wconf 86' lang='lat' dir='ltr'>of</span> <span class='ocrx_word' id='word_1_235' title='bbox 210 2437 274 2476; x_wconf 85' lang='lat' dir='ltr'>abp</span> <span class='ocrx_word' id='word_1_236' title='bbox 445 2431 559 2488; x_wconf 81' lang='lat' dir='ltr'>apud</span> <span class='ocrx_word' id='word_1_237' title='bbox 604 2430 1048 2480; x_wconf 69' lang='lat' dir='ltr'>Westmonasterium,</span> <span class='ocrx_word' id='word_1_238' title='bbox 1090 2430 1280 2506; x_wconf 82' lang='lat' dir='ltr'>ejusdem</span> <span class='ocrx_word' id='word_1_239' title='bbox 1325 2430 1525 2471; x_wconf 84' lang='lat' dir='ltr'>ecclesiae</span> <span class='ocrx_word' id='word_1_240' title='bbox 1567 2429 1900 2479; x_wconf 72' lang='lat' dir='ltr'>archidiaconus,</span> <span class='ocrx_word' id='word_1_241' title='bbox 1941 2429 1986 2470; x_wconf 90' lang='lat' dir='ltr'>in</span> 
     </span>
    </p>

    <p class='ocr_par' dir='ltr' id='par_1_15' title="bbox 160 2479 2046 2972">
     <span class='ocr_line' id='line_1_30' title="bbox 160 2479 1985 2556; baseline -0.002 -13"><span class='ocrx_word' id='word_1_242' title='bbox 160 2479 338 2519; x_wconf 83' lang='lat' dir='ltr'>Edmund,</span> <span class='ocrx_word' id='word_1_243' title='bbox 444 2501 646 2543; x_wconf 84' lang='lat' dir='ltr'>abbatem</span> <span class='ocrx_word' id='word_1_244' title='bbox 674 2500 866 2556; x_wconf 87' lang='lat' dir='ltr'>ejusdem</span> <span class='ocrx_word' id='word_1_245' title='bbox 898 2499 976 2540; x_wconf 83' lang='lat' dir='ltr'>loci</span> <span class='ocrx_word' id='word_1_246' title='bbox 1010 2499 1205 2540; x_wconf 88' lang='lat' dir='ltr'>unanimi</span> <span class='ocrx_word' id='word_1_247' title='bbox 1237 2514 1444 2541; x_wconf 87' lang='lat' dir='ltr'>consensu</span> <span class='ocrx_word' id='word_1_248' title='bbox 1474 2499 1609 2540; x_wconf 90' lang='lat' dir='ltr'>totius</span> <span class='ocrx_word' id='word_1_249' title='bbox 1638 2505 1874 2540; x_wconf 89' lang='lat' dir='ltr'>conventus</span> <span class='ocrx_word' id='word_1_250' title='bbox 1903 2498 1985 2540; x_wconf 90' lang='lat' dir='ltr'>rite</span> 
     </span>
     <span class='ocr_line' id='line_1_31' title="bbox 443 2569 2046 2625; baseline 0.001 -13"><span class='ocrx_word' id='word_1_251' title='bbox 443 2572 604 2612; x_wconf 84' lang='lat' dir='ltr'>electus</span> <span class='ocrx_word' id='word_1_252' title='bbox 633 2577 698 2611; x_wconf 87' lang='lat' dir='ltr'>est</span> <span class='ocrx_word' id='word_1_253' title='bbox 714 2584 723 2620; x_wconf 75' lang='lat'>3</span> <span class='ocrx_word' id='word_1_254' title='bbox 754 2576 847 2611; x_wconf 90' lang='lat' dir='ltr'>tum</span> <span class='ocrx_word' id='word_1_255' title='bbox 875 2569 977 2625; x_wconf 91' lang='lat' dir='ltr'>quia</span> <span class='ocrx_word' id='word_1_256' title='bbox 1005 2569 1086 2625; x_wconf 86' lang='lat' dir='ltr'>ipsi</span> <span class='ocrx_word' id='word_1_257' title='bbox 1109 2569 1244 2610; x_wconf 86' lang='lat' dir='ltr'>officio</span> <span class='ocrx_word' id='word_1_258' title='bbox 1277 2569 1454 2610; x_wconf 89' lang='lat' dir='ltr'>idoneus</span> <span class='ocrx_word' id='word_1_259' title='bbox 1483 2585 1531 2610; x_wconf 89' lang='lat' dir='ltr'>ac</span> <span class='ocrx_word' id='word_1_260' title='bbox 1560 2569 1774 2611; x_wconf 85' lang='lat' dir='ltr'>sufficiens</span> <span class='ocrx_word' id='word_1_261' title='bbox 1801 2569 1984 2625; x_wconf 88' lang='lat' dir='ltr'>reperie-</span> <span class='ocrx_word' id='word_1_262' title='bbox 2006 2584 2046 2613; x_wconf 72' lang='lat'>30</span> 
     </span>
     <span class='ocr_line' id='line_1_32' title="bbox 443 2638 1983 2695; baseline -0.001 -14"><span class='ocrx_word' id='word_1_263' title='bbox 443 2640 582 2690; x_wconf 88' lang='lat' dir='ltr'>batur,</span> <span class='ocrx_word' id='word_1_264' title='bbox 605 2646 699 2681; x_wconf 87' lang='lat' dir='ltr'>tum</span> <span class='ocrx_word' id='word_1_265' title='bbox 723 2639 824 2694; x_wconf 87' lang='lat' dir='ltr'>quia</span> <span class='ocrx_word' id='word_1_266' title='bbox 841 2638 1013 2679; x_wconf 90' lang='lat' dir='ltr'>domino</span> <span class='ocrx_word' id='word_1_267' title='bbox 1030 2638 1133 2694; x_wconf 85' lang='lat' dir='ltr'>regi,</span> <span class='ocrx_word' id='word_1_268' title='bbox 1150 2638 1194 2679; x_wconf 91' lang='lat' dir='ltr'>in</span> <span class='ocrx_word' id='word_1_269' title='bbox 1216 2638 1339 2694; x_wconf 88' lang='lat' dir='ltr'>cujus</span> <span class='ocrx_word' id='word_1_270' title='bbox 1362 2654 1489 2679; x_wconf 88' lang='lat' dir='ltr'>manu</span> <span class='ocrx_word' id='word_1_271' title='bbox 1514 2654 1619 2695; x_wconf 90' lang='lat' dir='ltr'>opus</span> <span class='ocrx_word' id='word_1_272' title='bbox 1642 2639 1842 2680; x_wconf 88' lang='lat' dir='ltr'>ecclesiae</span> <span class='ocrx_word' id='word_1_273' title='bbox 1864 2654 1983 2695; x_wconf 88' lang='lat' dir='ltr'>prae-</span> 
     </span>
     <span class='ocr_line' id='line_1_33' title="bbox 443 2707 1984 2763; baseline -0.002 -12"><span class='ocrx_word' id='word_1_274' title='bbox 443 2710 595 2758; x_wconf 88' lang='lat' dir='ltr'>dictae,</span> <span class='ocrx_word' id='word_1_275' title='bbox 612 2709 744 2750; x_wconf 83' lang='lat' dir='ltr'>immo</span> <span class='ocrx_word' id='word_1_276' title='bbox 761 2708 895 2750; x_wconf 86' lang='lat' dir='ltr'>totius</span> <span class='ocrx_word' id='word_1_277' title='bbox 913 2707 1114 2749; x_wconf 88' lang='lat' dir='ltr'>ecclesiae</span> <span class='ocrx_word' id='word_1_278' title='bbox 1132 2713 1272 2749; x_wconf 86' lang='lat' dir='ltr'>status</span> <span class='ocrx_word' id='word_1_279' title='bbox 1289 2708 1573 2763; x_wconf 87' lang='lat' dir='ltr'>dependebat,</span> <span class='ocrx_word' id='word_1_280' title='bbox 1591 2714 1682 2749; x_wconf 87' lang='lat' dir='ltr'>erat</span> <span class='ocrx_word' id='word_1_281' title='bbox 1700 2707 1921 2748; x_wconf 86' lang='lat' dir='ltr'>familiaris</span> <span class='ocrx_word' id='word_1_282' title='bbox 1939 2714 1984 2749; x_wconf 87' lang='lat' dir='ltr'>et</span> 
     </span>
     <span class='ocr_line' id='line_1_34' title="bbox 443 2777 1983 2835; baseline -0.003 -14"><span class='ocrx_word' id='word_1_283' title='bbox 443 2785 654 2835; x_wconf 85' lang='lat' dir='ltr'>acceptus.</span> <span class='ocrx_word' id='word_1_284' title='bbox 702 2779 864 2819; x_wconf 86' lang='lat' dir='ltr'>electus</span> <span class='ocrx_word' id='word_1_285' title='bbox 882 2783 959 2827; x_wconf 87' lang='lat' dir='ltr'>est,</span> <span class='ocrx_word' id='word_1_286' title='bbox 976 2777 1164 2832; x_wconf 88' lang='lat' dir='ltr'>inquam,</span> <span class='ocrx_word' id='word_1_287' title='bbox 1181 2777 1250 2818; x_wconf 90' lang='lat' dir='ltr'>die</span> <span class='ocrx_word' id='word_1_288' title='bbox 1268 2777 1601 2818; x_wconf 87' lang='lat' dir='ltr'>canonizationis</span> <span class='ocrx_word' id='word_1_289' title='bbox 1618 2777 1735 2818; x_wconf 83' lang='lat' dir='ltr'>beati</span> <span class='ocrx_word' id='word_1_290' title='bbox 1754 2777 1983 2826; x_wconf 89' lang='lat' dir='ltr'>Edmundi,</span> 
     </span>
     <span class='ocr_line' id='line_1_35' title="bbox 444 2846 1983 2902; baseline -0.003 -12"><span class='ocrx_word' id='word_1_291' title='bbox 444 2865 528 2891; x_wconf 89' lang='lat' dir='ltr'>non</span> <span class='ocrx_word' id='word_1_292' title='bbox 551 2849 641 2889; x_wconf 87' lang='lat' dir='ltr'>sine</span> <span class='ocrx_word' id='word_1_293' title='bbox 663 2848 732 2889; x_wconf 90' lang='lat' dir='ltr'>dei</span> <span class='ocrx_word' id='word_1_294' title='bbox 754 2853 878 2896; x_wconf 89' lang='lat' dir='ltr'>nutu,</span> <span class='ocrx_word' id='word_1_295' title='bbox 900 2853 949 2888; x_wconf 91' lang='lat' dir='ltr'>ut</span> <span class='ocrx_word' id='word_1_296' title='bbox 971 2847 1091 2902; x_wconf 91' lang='lat' dir='ltr'>pium</span> <span class='ocrx_word' id='word_1_297' title='bbox 1114 2846 1297 2887; x_wconf 87' lang='lat' dir='ltr'>arbitror</span> <span class='ocrx_word' id='word_1_298' title='bbox 1318 2846 1605 2897; x_wconf 87' lang='lat' dir='ltr'>sentiendum,</span> <span class='ocrx_word' id='word_1_299' title='bbox 1622 2853 1836 2902; x_wconf 89' lang='lat' dir='ltr'>quatenus</span> <span class='ocrx_word' id='word_1_300' title='bbox 1857 2846 1983 2887; x_wconf 88' lang='lat' dir='ltr'>ambo</span> 
     </span>
     <span class='ocr_line' id='line_1_36' title="bbox 446 2915 2043 2972; baseline -0.003 -12"><span class='ocrx_word' id='word_1_301' title='bbox 446 2934 532 2960; x_wconf 86' lang='lat' dir='ltr'>una</span> <span class='ocrx_word' id='word_1_302' title='bbox 552 2918 621 2959; x_wconf 90' lang='lat' dir='ltr'>die</span> <span class='ocrx_word' id='word_1_303' title='bbox 651 2923 695 2958; x_wconf 90' lang='lat' dir='ltr'>et</span> <span class='ocrx_word' id='word_1_304' title='bbox 722 2923 889 2958; x_wconf 88' lang='lat' dir='ltr'>amator</span> <span class='ocrx_word' id='word_1_305' title='bbox 917 2922 961 2957; x_wconf 91' lang='lat' dir='ltr'>et</span> <span class='ocrx_word' id='word_1_306' title='bbox 986 2921 1156 2957; x_wconf 86' lang='lat' dir='ltr'>amatus</span> <span class='ocrx_word' id='word_1_307' title='bbox 1188 2915 1358 2957; x_wconf 84' lang='lat' dir='ltr'>honoris</span> <span class='ocrx_word' id='word_1_308' title='bbox 1389 2916 1655 2972; x_wconf 88' lang='lat' dir='ltr'>susciperent</span> <span class='ocrx_word' id='word_1_309' title='bbox 1684 2916 1985 2971; x_wconf 85' lang='lat' dir='ltr'>multipliciter</span> <span class='ocrx_word' id='word_1_310' title='bbox 2006 2939 2043 2969; x_wconf 78' lang='lat'>35</span> 
     </span>
    </p>
   </div>
   <div class='ocr_carea' id='block_1_5' title="bbox 446 2985 1981 3042">
    <p class='ocr_par' dir='ltr' id='par_1_16' title="bbox 446 2985 1981 3042">
     <span class='ocr_line' id='line_1_37' title="bbox 446 2985 1981 3042; baseline -0.002 -13"><span class='ocrx_word' id='word_1_311' title='bbox 446 2988 770 3029; x_wconf 84' lang='lat' dir='ltr'>incrementum.</span> <span class='ocrx_word' id='word_1_312' title='bbox 832 2986 945 3026; x_wconf 89' lang='lat' dir='ltr'>unde</span> <span class='ocrx_word' id='word_1_313' title='bbox 977 3001 1053 3042; x_wconf 84' lang='lat' dir='ltr'>per</span> <span class='ocrx_word' id='word_1_314' title='bbox 1077 2985 1191 3026; x_wconf 89' lang='lat' dir='ltr'>idem</span> <span class='ocrx_word' id='word_1_315' title='bbox 1224 2991 1407 3042; x_wconf 88' lang='lat' dir='ltr'>tempus,</span> <span class='ocrx_word' id='word_1_316' title='bbox 1432 2985 1547 3027; x_wconf 91' lang='lat' dir='ltr'>dicto</span> <span class='ocrx_word' id='word_1_317' title='bbox 1576 3000 1675 3041; x_wconf 84' lang='lat' dir='ltr'>rege</span> <span class='ocrx_word' id='word_1_318' title='bbox 1704 2985 1981 3041; x_wconf 88' lang='lat' dir='ltr'>impetrante,</span> 
     </span>
    </p>
   </div>
   <div class='ocr_carea' id='block_1_6' title="bbox 442 3076 1985 3329">
    <p class='ocr_par' dir='ltr' id='par_1_17' title="bbox 442 3076 1985 3329">
     <span class='ocr_line' id='line_1_38' title="bbox 512 3076 1985 3118; baseline -0.001 -9"><span class='ocrx_word' id='word_1_319' title='bbox 512 3082 531 3111; x_wconf 73' lang='lat'>(3</span> <span class='ocrx_word' id='word_1_320' title='bbox 555 3090 615 3110; x_wconf 75' lang='lat' dir='ltr'>om.</span> <span class='ocrx_word' id='word_1_321' title='bbox 635 3079 706 3110; x_wconf 75' lang='lat' dir='ltr'>suis</span> <span class='ocrx_word' id='word_1_322' title='bbox 723 3078 775 3109; x_wconf 93' lang='lat' dir='ltr'>W.</span> <span class='ocrx_word' id='word_1_323' title='bbox 908 3077 1186 3118; x_wconf 86' lang='lat' dir='ltr'>provenientibus</span> <span class='ocrx_word' id='word_1_324' title='bbox 1204 3078 1261 3118; x_wconf 91' lang='lat' dir='ltr'>Sp.</span> <span class='ocrx_word' id='word_1_325' title='bbox 1411 3079 1429 3110; x_wconf 90' lang='lat'><strong>7</strong></span> <span class='ocrx_word' id='word_1_326' title='bbox 1454 3079 1508 3117; x_wconf 85' lang='lat' dir='ltr'>ea]</span> <span class='ocrx_word' id='word_1_327' title='bbox 1531 3088 1568 3108; x_wconf 86' lang='lat' dir='ltr'>eo</span> <span class='ocrx_word' id='word_1_328' title='bbox 1587 3077 1628 3109; x_wconf 89' lang='lat' dir='ltr'>W</span> <span class='ocrx_word' id='word_1_329' title='bbox 1644 3077 1688 3115; x_wconf 85' lang='lat' dir='ltr'>d;</span> <span class='ocrx_word' id='word_1_330' title='bbox 1712 3088 1773 3108; x_wconf 84' lang='lat' dir='ltr'>om.</span> <span class='ocrx_word' id='word_1_331' title='bbox 1791 3076 1985 3109; x_wconf 63' lang='lat' dir='ltr'>hoc—-suae</span> 
     </span>
     <span class='ocr_line' id='line_1_39' title="bbox 442 3129 1984 3173; baseline -0.002 -10"><span class='ocrx_word' id='word_1_332' title='bbox 442 3143 503 3173; x_wconf 69' lang='lat' dir='ltr'>per</span> <span class='ocrx_word' id='word_1_333' title='bbox 522 3134 676 3163; x_wconf 75' lang='lat' dir='ltr'>homoeot.</span> <span class='ocrx_word' id='word_1_334' title='bbox 700 3132 757 3171; x_wconf 84' lang='lat' dir='ltr'>Sp.</span> <span class='ocrx_word' id='word_1_335' title='bbox 935 3131 974 3160; x_wconf 85' lang='lat'>21</span> <span class='ocrx_word' id='word_1_336' title='bbox 1000 3130 1238 3169; x_wconf 81' lang='lat' dir='ltr'>Christo]÷ut</span> <span class='ocrx_word' id='word_1_337' title='bbox 1254 3129 1425 3161; x_wconf 80' lang='lat' dir='ltr'>credimus</span> <span class='ocrx_word' id='word_1_338' title='bbox 1443 3130 1500 3170; x_wconf 84' lang='lat' dir='ltr'>Sp.</span> <span class='ocrx_word' id='word_1_339' title='bbox 1675 3131 1715 3162; x_wconf 83' lang='lat'>27</span> <span class='ocrx_word' id='word_1_340' title='bbox 1740 3129 1912 3170; x_wconf 84' lang='lat' dir='ltr'>proxima]</span> <span class='ocrx_word' id='word_1_341' title='bbox 1928 3131 1984 3161; x_wconf 76' lang='lat' dir='ltr'>sed</span> 
     </span>
     <span class='ocr_line' id='line_1_40' title="bbox 446 3181 1984 3224; baseline -0.001 -9"><span class='ocrx_word' id='word_1_342' title='bbox 446 3186 488 3224; x_wconf 68' lang='lat' dir='ltr'>cf.</span> <span class='ocrx_word' id='word_1_343' title='bbox 516 3184 607 3215; x_wconf 88' lang='lat' dir='ltr'>Flor.</span> <span class='ocrx_word' id='word_1_344' title='bbox 639 3183 730 3212; x_wconf 82' lang='lat' dir='ltr'>Hist.</span> <span class='ocrx_word' id='word_1_345' title='bbox 757 3192 792 3213; x_wconf 90' lang='lat'>11.</span> <span class='ocrx_word' id='word_1_346' title='bbox 827 3183 901 3220; x_wconf 82' lang='lat'>315,</span> <span class='ocrx_word' id='word_1_347' title='bbox 931 3183 994 3213; x_wconf 79' lang='lat'>319</span> <span class='ocrx_word' id='word_1_348' title='bbox 1012 3183 1046 3220; x_wconf 87' lang='lat' dir='ltr'>f.,</span> <span class='ocrx_word' id='word_1_349' title='bbox 1084 3185 1171 3221; x_wconf 80' lang='lat' dir='ltr'>‘qua</span> <span class='ocrx_word' id='word_1_350' title='bbox 1199 3182 1358 3213; x_wconf 86' lang='lat' dir='ltr'>videlicet</span> <span class='ocrx_word' id='word_1_351' title='bbox 1390 3185 1552 3213; x_wconf 81' lang='lat' dir='ltr'>cantatur</span> <span class='ocrx_word' id='word_1_352' title='bbox 1581 3183 1730 3212; x_wconf 68' lang='lat' dir='ltr'>Gaudete</span> <span class='ocrx_word' id='word_1_353' title='bbox 1764 3183 1799 3212; x_wconf 83' lang='grc' dir='ltr'>ἰη</span> <span class='ocrx_word' id='word_1_354' title='bbox 1827 3181 1984 3214; x_wconf 77' lang='lat' dir='ltr'>‹lomino.&#39;</span> 
     </span>
     <span class='ocr_line' id='line_1_41' title="bbox 444 3233 1983 3275; baseline -0.003 -9"><span class='ocrx_word' id='word_1_355' title='bbox 444 3237 483 3266; x_wconf 80' lang='lat'>31</span> <span class='ocrx_word' id='word_1_356' title='bbox 508 3234 715 3275; x_wconf 80' lang='lat' dir='ltr'>praedictae]</span> <span class='ocrx_word' id='word_1_357' title='bbox 740 3233 943 3264; x_wconf 75' lang='lat' dir='ltr'>semirutum</span> <span class='ocrx_word' id='word_1_358' title='bbox 967 3234 1016 3265; x_wconf 86' lang='lat' dir='ltr'>Fl.</span> <span class='ocrx_word' id='word_1_359' title='bbox 1239 3236 1280 3266; x_wconf 79' lang='lat'>35</span> <span class='ocrx_word' id='word_1_360' title='bbox 1305 3236 1456 3274; x_wconf 85' lang='lat' dir='ltr'>amator]</span> <span class='ocrx_word' id='word_1_361' title='bbox 1473 3234 1615 3265; x_wconf 85' lang='lat' dir='ltr'>honoris</span> <span class='ocrx_word' id='word_1_362' title='bbox 1637 3237 1771 3265; x_wconf 82' lang='lat' dir='ltr'>amator</span> <span class='ocrx_word' id='word_1_363' title='bbox 1788 3234 1829 3264; x_wconf 90' lang='lat' dir='ltr'>W</span> <span class='ocrx_word' id='word_1_364' title='bbox 1849 3233 1906 3273; x_wconf 84' lang='lat' dir='ltr'>Sp.</span> <span class='ocrx_word' id='word_1_365' title='bbox 1931 3233 1983 3263; x_wconf 90' lang='lat' dir='ltr'>Fl.</span> 
     </span>
     <span class='ocr_line' id='line_1_42' title="bbox 445 3285 1385 3329; baseline 0 -11"><span class='ocrx_word' id='word_1_366' title='bbox 445 3288 512 3329; x_wconf 64' lang='lat' dir='ltr'>(sal</span> <span class='ocrx_word' id='word_1_367' title='bbox 535 3297 617 3318; x_wconf 81' lang='lat' dir='ltr'>corr.</span> <span class='ocrx_word' id='word_1_368' title='bbox 636 3287 684 3316; x_wconf 70' lang='lat' dir='ltr'>ed.</span> <span class='ocrx_word' id='word_1_369' title='bbox 704 3287 810 3324; x_wconf 81' lang='lat' dir='ltr'>Flor.)</span> <span class='ocrx_word' id='word_1_370' title='bbox 987 3285 1027 3315; x_wconf 83' lang='grc'>36</span> <span class='ocrx_word' id='word_1_371' title='bbox 1052 3286 1158 3326; x_wconf 85' lang='lat' dir='ltr'>dicto]</span> <span class='ocrx_word' id='word_1_372' title='bbox 1175 3286 1316 3318; x_wconf 84' lang='lat' dir='ltr'>domino</span> <span class='ocrx_word' id='word_1_373' title='bbox 1334 3287 1385 3318; x_wconf 88' lang='lat' dir='ltr'>Fl.</span> 
     </span>
    </p>
   </div>
  </div>
 </body>
</html>
