2385 3891
524 421 587 467 64
825 416 1008 465 Fletc’s
1046 413 1268 476 History
1306 411 1374 476 of
1410 411 1757 460 Wesmninster

522 542 768 591 lationibus,
825 539 1034 582 chronicis
1096 538 1354 594 approbatis,
1411 538 1570 579 chartis
1625 552 1788 594 regum,
1843 535 2058 592 bullisque

523 626 788 653 summorum
840 608 1093 665 pontificum
1144 612 1252 662 puto
1302 606 1590 648 resistendum
1610 621 1618 656 ;
1660 612 1791 662 atque
1832 605 1891 647 sic
1932 604 2058 646 istius

523 681 723 723 ecclesiae
753 678 1062 727 fundationem,
1093 676 1420 725 dedicationem,
1449 675 1770 731 antiquitatem,
1798 674 2058 731 dignitatem

523 758 566 793 et
618 751 878 798 libertatem,
930 746 1262 803 exemptionem,
1306 745 1664 802 jurisdictionem,
1716 743 2059 798 ordinariamque

522 825 794 876 potestatem,
827 833 877 859 ex
910 815 1197 858 indissolubili
1226 815 1594 856 munimentorum
1627 813 1943 870 praedictorum
1977 818 2059 854 tes·
2080 821 2096 851 5

523 889 702 931 timonio
737 888 900 936 elicere,
938 893 987 928 ut
1021 901 1105 927 non
1142 900 1187 927 se
1223 885 1412 942 gaudeat
1445 890 1593 925 contra
1630 883 1858 925 veritatem
1897 883 2060 924 falsitas

521 974 597 1001 seu
628 958 831 999 adversus
862 956 1129 1012 aequitatem
1160 955 1368 1012 iniquitas
1399 954 1654 1010 praevalere.

238 1105 334 1180 {5511}
365 1104 454 1179 fThe
610 1094 863 1150 Capitulum
915 1092 1208 1134 tredecimum.
1292 1091 1490 1143 Qualiter
1539 1091 1591 1132 de
1637 1090 1735 1146 jure
1787 1095 1831 1131 et
1881 1089 2062 1145 antiqua

255 1159 266 1179 1
309 1159 362 1180 ΘΟ

239 1192 374 1224 salmon
523 1163 832 1206 consuetudine
875 1162 1103 1204 decimatio
1145 1162 1385 1202 salmonum
1433 1159 1624 1215 pertinet
1671 1158 1872 1200 ecclesiae
1920 1159 2060 1199 West-

525 1232 847 1275 monasteriensi
892 1247 917 1272 a
966 1231 1235 1272 dedicatione
1282 1228 1474 1285 ejusdem
1527 1244 1603 1284 per
1654 1228 1831 1269 beatum
1882 1227 2062 1269 Petrum
2086 1239 2123 1260 10

522 1303 775 1360 apostolum.

611 1405 724 1458 Quia
751 1405 794 1445 in
826 1403 1096 1445 dedicatione
1127 1403 1256 1458 hujus
1286 1402 1488 1444 ecclesiae
1515 1401 1712 1457 superius
1741 1402 1790 1443 fit
1817 1401 1980 1443 mentio
2010 1402 2062 1443 de

523 1476 637 1532 pisce
670 1474 808 1524 esicio,
838 1473 912 1529 qui
943 1473 1026 1514 alio
1058 1472 1231 1513 nomine
1263 1473 1396 1513 salmo
1429 1471 1667 1527 vulgariter
1697 1471 1965 1527 appellatum
1997 1478 2062 1513 est

523 1544 745 1586 sciendum
768 1543 882 1599 quod
904 1541 1134 1583 decimatio
1163 1542 1416 1590 salmonum,
1438 1541 1512 1596 qui
1538 1539 1649 1581 infra
1670 1546 1807 1581 certos
1836 1540 1996 1582 limites
2019 1548 2063 1582 et

239 1616 440 1691 ἓῗῐξδξῖῖΰ]
524 1615 729 1657 terminos
751 1612 1004 1654 Thamensis
1027 1612 1148 1653 fluvii
1170 1611 1411 1666 capiuntur,
1434 1626 1458 1651 a
1483 1609 1752 1651 dedicatione
1776 1610 1904 1666 hujus
1926 1610 2063 1652 sancti
2087 1621 2123 1651 15

239 1669 450 1734 dedigaiirozz
525 1685 603 1726 loci
630 1682 999 1725 Westmonasterii
1022 1681 1306 1737 perhibentur
1327 1680 1467 1722 eidem
1489 1680 1541 1721 de
1565 1680 1664 1735 jure
1687 1685 1730 1721 et
1752 1680 2064 1721 consuetudine

524 1753 704 1808 antiqua
739 1751 998 1808 pertinuisse
1036 1757 1080 1792 et
1117 1750 1289 1791 omnino
1326 1749 1542 1804 pertinere
1578 1748 1746 1797 debere,
1777 1755 1905 1804 prout
1941 1754 2065 1805 patet

243 1831 307 1871 (Cf.
325 1841 381 1871 pp.
400 1832 453 1870 38,
525 1823 748 1865 evidenter
798 1820 995 1876 superius
1045 1819 1247 1875 capitulis
1298 1818 1484 1860 secundo
1535 1824 1579 1859 et
1630 1817 1793 1873 quinto
1855 1818 1969 1859 unde
2010 1817 2064 1859 ad

240 1874 306 1916 45.)
525 1893 730 1949 majorem
772 1891 833 1932 rei
875 1889 1140 1932 evidentiam
1182 1895 1226 1930 et
1274 1889 1516 1930 futurorum
1557 1887 1808 1943 ampliorem
1849 1887 2064 1937 notitiam,

525 1962 807 2019 quorumdam
855 1960 1033 2002 testium
1086 1958 1259 1999 nomina
1306 1957 1600 2004 veridicorum,
1636 1957 1710 2012 qui
1756 1956 1943 1998 decimas
1983 1957 2063 1998 sal·
2084 1967 2125 1988 20

525 2047 701 2073 monum
734 2032 981 2086 frequenter
1011 2029 1176 2069 oblatas
1208 2027 1294 2068 iam
1332 2027 1541 2075 viderant,
1571 2041 1656 2067 non
1689 2026 1810 2082 piget
1846 2032 2064 2068 annotare.

241 2110 390 2144 attested
612 2099 881 2142 Venerabilis
922 2099 1058 2155 igitur
1098 2097 1328 2138 memoriae
1371 2097 1501 2138 frater
1548 2096 1768 2138 Johannes
1821 2097 2065 2152 Wrattyng,

240 2154 434 2237 ξξιέξξὲἓ,
524 2170 639 2227 prior
674 2167 1055 2216 Westmonasterii‚
1078 2166 1260 2207 asseruit
1289 2181 1333 2206 se
1367 2165 1523 2206 vidisse
1556 2165 1825 2220 temporibus
1851 2165 1939 2206 suis
1965 2164 2066 2205 xxiv

241 2242 335 2282 prior
352 2241 454 2280 (from
525 2247 568 2281 et
601 2255 650 2281 eo
679 2238 864 2294 amplius
897 2238 1107 2278 salmones
1138 2236 1367 2276 decimales
1398 2235 1452 2275 ad
1484 2250 1690 2290 magnum
1722 2235 1856 2275 altare
1886 2234 2065 2275 diversis

243 2286 326 2317 1382
340 2288 375 2316 to
390 2284 505 2325 1407„
526 2308 690 2349 vicibus
713 2308 900 2357 oblatos:
932 2307 994 2347 ita
1023 2305 1135 2360 quod
1162 2304 1391 2359 aliquando
1419 2310 1505 2345 tres
1527 2303 1571 2344 in
1594 2319 1680 2344 una
1708 2303 1777 2344 die
1800 2319 1844 2345 se
1866 2303 2066 2345 meminit
2087 2317 2125 2347 25

243 2383 509 2415 R.Cirencester
527 2378 694 2419 vidisse.
756 2378 887 2418 frater
916 2375 1125 2416 Ricardus
1155 2374 1379 2423 Circestre,
1400 2373 1565 2429 primus
1593 2373 1744 2422 senior,
1766 2373 1996 2414 affirmavit
2022 2388 2066 2414 se

245 2427 395 2469 (†1400)‚
527 2448 683 2490 vidisse
714 2463 770 2488 xx
802 2447 1024 2495 salmones,
1055 2451 1099 2486 et
1129 2444 1274 2500 potius
1305 2444 1449 2499 plures
1481 2458 1610 2499 quam
1642 2443 1873 2498 pauciores.
1935 2443 2067 2483 frater

244 2527 295 2558 W.
316 2526 471 2566 Litlyng-
528 2517 771 2558 Willelmus
793 2515 1081 2571 Litillyngton
1104 2513 1361 2554 camerarius
1383 2518 1648 2568 protestatus
1670 2517 1736 2553 est
1759 2526 1803 2552 se
1827 2511 1983 2552 vidisse
2005 2511 2065 2552 xii

244 2574 303 2602 ton
319 2570 507 2611 (†0.1400)‚
527 2588 738 2629 salmones
773 2586 961 2635 oblatos3
998 2584 1060 2625 ita
1089 2583 1202 2640 quod
1235 2584 1279 2624 in
1308 2598 1395 2624 una
1426 2582 1664 2624 ebdomada
1695 2581 1801 2622 duos
1834 2597 1878 2623 se
1912 2581 2067 2622 vidisse

245 2665 273 2749 ἵ.
296 2664 426 2739 Ιῗέςῖἒυῂ
527 2655 716 2697 dixisset.
779 2655 909 2695 frater
936 2654 963 2695 J
968 2654 1158 2695 ohannes
1184 2654 1348 2708 Breynt
1377 2651 1650 2707 coquinarius
1680 2651 1862 2692 firmiter
1882 2649 2068 2691 astruxit
2089 2663 2130 2693 30

260 2718 287 2739 C.
392 2725 434 2729 -

246 2752 356 2789 1418),
528 2739 572 2765 se
594 2723 749 2764 vidisse
778 2722 929 2763 diebus
955 2721 1043 2763 suis
1069 2729 1174 2770 octo,
1201 2735 1223 2761 e
1249 2720 1406 2775 quibus
1432 2719 1622 2776 quinque
1649 2719 1759 2760 vidit
1788 2719 1952 2760 oblatos
1977 2719 2069 2775 ipso

246 2805 277 2836 J.
295 2803 441 2835 London
529 2809 640 2835 anno
688 2808 771 2848 quo
816 2791 1004 2847 suscepit
1056 2790 1253 2831 habitum
1304 2790 1607 2830 monachalem.
1669 2790 1800 2830 frater
1849 2789 2070 2831 Johannes

246 2848 445 2923 ggffiffih
530 2861 851 2910 Londoniensis,
887 2867 1029 2901 custos
1066 2859 1210 2900 feretri
1244 2858 1382 2899 sancti
1420 2858 1629 2906 Edwardi‚
1662 2858 1877 2898 confessus
1919 2863 1985 2898 est
2025 2872 2070 2899 se

248 2934 387 2992 worthfi
531 2931 686 2972 vidisse
721 2936 817 2971 tres.
880 2930 1011 2970 frater
1042 2928 1299 2983 Radulphus
1336 2927 1570 2968 Tunworth
1605 2925 1832 2967 vestiarius
1863 2931 1908 2967 et
1939 2926 2071 2967 frater

247 2977 472 3053 gciffssffnogfi-
533 3001 747 3042 Robertus
770 2997 1204 3040 Hermondesworthe
1230 3002 1509 3037 astruxerunt
1537 3011 1581 3037 se
1605 2995 1759 3036 vidisse
1791 2994 1845 3044 iv,
1867 2995 2069 3050 tempori·
2091 3006 2129 3037 35

250 3063 436 3150 (ἒξῗῗνῗέἱξ)
534 3071 612 3111 bus
635 3069 776 3110 fratris
798 3069 825 3110 J
830 3067 1010 3108 ohannis
1034 3067 1227 3121 Fernago
1250 3065 1510 3106 refectorarii
1533 3071 1577 3106 et
1599 3064 1741 3106 fratris
1765 3064 1881 3105 Petri
1909 3064 2070 3107 Combe

250 3131 450 3184 A.1>.1380.'
534 3137 781 3195 coquinarii,
812 3138 892 3179 sub
924 3152 1034 3177 anno
1066 3135 1227 3177 domini
1260 3135 1506 3176 mccclxxx0.

840 3257 879 3286 14
904 3255 1009 3296 quod]
1026 3258 1063 3286 ut
1080 3255 1133 3286 W.
1409 3256 1449 3285 28
1472 3253 1691 3294 Lytillynton
1711 3254 1766 3294 Sp.
