2385 3891
137 1119 191 1151 He
208 1120 357 1152 rebuilds

136 1163 194 1194 the
210 1163 345 1195 abbot’s

135 1206 244 1238 house
260 1207 328 1238 and

136 1251 306 1282 monastic

135 1294 259 1325 offices.

131 1810 197 1841 His
213 1811 306 1851 gifts.

131 1949 204 1980 The
220 1953 316 1990 great

132 1993 261 2026 missal.

129 2572 224 2605 Plate
240 2573 291 2605 for
307 2573 367 2605 the

128 2617 307 2658 refectory,
330 2618 388 2650 διο.

617 433 798 482 Simon
841 434 1132 496 Lanqlmm,
1172 436 1231 483 N
1231 435 1427 485 scholas»
1464 436 1768 498 Litlysnfston
1869 439 1961 483 1535

425 559 477 600 de
510 560 791 616 Birlyngham
824 561 867 602 in
900 562 1106 603 comitatu
1144 563 1424 619 Wygornensi
1464 571 1560 619 post
1597 563 1763 604 obitum
1800 561 1962 602 domini

423 628 635 670 Johannis
661 630 778 686 Sapy
808 630 970 678 militis,
992 631 1103 686 quod
1135 632 1249 673 valet
1281 647 1357 688 per
1384 647 1547 673 annum
1585 632 1700 672 ultra
1727 630 1909 686 reprisas
1942 645 1962 670 c

422 697 599 740 solidos:
631 699 732 754 quia
752 700 997 755 praedictus
1021 701 1141 742 miles
1165 702 1341 743 tenebat
1364 701 1631 757 praedictum
1659 700 1896 741 manerium
1918 699 1961 740 in

423 767 534 809 feodi
575 768 697 810 firma
737 769 790 810 de
831 770 987 811 abbate
1032 771 1482 813 Westmonasteriensi
1525 787 1600 827 pro
1643 771 1683 811 xi
1727 770 1847 811 libris
1888 784 1964 825 per

421 851 594 887 annum,
612 843 817 894 tanquam
840 839 892 880 de
914 839 1087 895 capitali
1111 840 1294 889 domino,
1312 847 1361 882 ut
1384 841 1622 882 membrum
1647 840 1698 881 de
1723 839 1961 880 Pcrschore.
1983 843 1998 880 f&

420 920 468 946 ac
497 906 628 948 etiam
655 909 798 949 onmia
826 909 1015 950 maneria
1040 924 1117 950 sua
1138 924 1214 964 per
1242 925 1446 965 magnum
1480 916 1656 951 ventum
1679 909 1824 950 diruta
1853 909 1963 949 infra

421 975 655 1017 triennium
680 977 854 1018 meliora
875 978 1088 1033 prioribus
1111 979 1338 1034 reparavit,
1360 979 1697 1035 possessionibus
1719 986 1763 1020 et
1786 978 1961 1019 redditi-

418 1043 508 1092 bus,
532 1050 580 1086 ut
602 1060 731 1101 supra
751 1046 916 1088 dictum
939 1053 1015 1096 est,
1037 1048 1247 1103 sagaciter
1268 1049 1523 1104 ampliando.

508 1114 653 1169 Hujus
679 1115 849 1157 abbatis
880 1122 1070 1172 tempore
1093 1122 1137 1158 et
1159 1117 1373 1158 industria
1394 1117 1620 1159 aedificata
1641 1123 1743 1159 sunt
1764 1133 1789 1158 a
1810 1117 1961 1158 funda-

421 1183 576 1224 mentis
598 1184 650 1225 de
680 1200 787 1226 novo
814 1190 906 1227 tota
928 1186 1075 1241 placea
1101 1186 1271 1227 abbatis
1296 1186 1428 1242 juxta
1453 1186 1701 1236 ecclesiam3
1732 1186 1960 1227 dimidium
1985 1197 2022 1218 10

418 1258 564 1293 autem
594 1254 769 1295 claustri
802 1269 852 1296 ex
887 1255 1084 1310 partibus
1112 1255 1331 1296 occidente
1361 1261 1404 1296 et
1438 1255 1644 1306 australi3
1674 1255 1826 1296 domus
1859 1269 1961 1309 quo-

419 1322 615 1363 rumdam
653 1323 962 1373 officiariorum,
997 1330 1046 1365 ut
1082 1330 1189 1380 puta
1225 1324 1384 1372 ballivi,
1417 1324 1652 1373 infirmarii,
1685 1324 1885 1365 sacristae
1918 1330 1962 1364 et

418 1391 637 1442 celerarii3
669 1408 873 1448 magnum
907 1393 1124 1434 malthous
1160 1408 1255 1434 cum
1296 1393 1403 1434 turri
1438 1392 1624 1442 ibidem3
1668 1392 1960 1434 molendinum

418 1461 666 1515 aquaticum
690 1468 733 1503 et
755 1462 794 1503 le
822 1462 920 1502 dam
947 1477 1043 1503 cum
1076 1462 1208 1503 muris
1235 1461 1424 1517 lapideis,
1448 1477 1545 1502 cum
1571 1462 1768 1503 clausura
1794 1461 1961 1517 lapidea

417 1529 586 1584 gardini
614 1531 882 1572 infirmariae.
943 1546 1053 1586 quae
1082 1530 1225 1571 omnia
1246 1530 1299 1571 de
1320 1530 1443 1572 bonis
1464 1531 1678 1580 ecclesiae,
1707 1536 1751 1572 et
1775 1530 1958 1571 maxime
1985 1548 2018 1578 ¹5

417 1598 470 1639 de
506 1599 628 1640 bonis
671 1599 871 1655 Symonis
911 1599 964 1640 de
1006 1599 1229 1655 Langham
1267 1599 1601 1655 praedecessoris
1635 1599 1712 1644 sui,
1746 1600 1799 1640 ad
1841 1615 1958 1656 mag-

418 1683 521 1708 num
556 1668 756 1710 honorem
795 1668 1043 1710 monasterii
1080 1668 1289 1724 praedicti
1326 1684 1374 1710 ac
1408 1668 1749 1710 inhabitantium
1787 1668 1959 1719 ibidem,

418 1737 644 1780 honorifice
675 1744 919 1780 constructa
949 1744 1061 1780 sunt.

503 1808 624 1849 Idem
640 1808 760 1850 dedit
777 1808 978 1850 ecclesiae
994 1807 1442 1849 XVestmonasteriensi
1463 1823 1593 1849 unam
1612 1808 1784 1849 mitram
1803 1808 1956 1849 bonam

414 1877 467 1918 de
492 1878 600 1919 albis
626 1878 809 1934 parellis,
830 1879 959 1934 pretii
988 1893 1009 1919 c
1043 1892 1307 1928 marcarumg
1348 1893 1396 1919 ac
1425 1878 1556 1919 etiam
1591 1893 1725 1919 unum
1754 1878 1955 1918 baculum
1978 1893 2019 1914 20

413 1947 667 2000 pastoralem
699 1947 828 2003 pretii
858 1963 911 1988 xv
946 1947 1162 1988 librarum.
1225 1961 1428 2002 magnum
1459 1952 1606 1988 autem
1637 1946 1806 1987 missale
1836 1946 1956 1988 dedit

413 2030 581 2056 summo
617 2017 753 2066 altari,
785 2032 833 2058 ac
869 2017 976 2058 duos
1017 2016 1169 2057 calices
1209 2022 1436 2073 argenteos
1470 2022 1513 2057 et
1550 2016 1790 2058 deauratos.
1852 2015 1956 2056 alios

414 2101 582 2140 quoque
620 2086 748 2128 libros
781 2087 834 2128 ad
866 2086 1060 2127 divinum
1099 2086 1284 2127 officium
1317 2086 1584 2142 pertinentes
1617 2086 1728 2135 fecit,
1761 2092 1804 2127 et
1835 2085 1956 2127 dedit

413 2157 599 2212 capellae
629 2157 871 2198 futurorum
901 2156 1105 2198 abbatum
1123 2157 1179 2197 et
1204 2155 1350 2197 domui
1377 2155 1653 2196 infirmorum.
1716 2155 1831 2196 ultra
1852 2155 1956 2196 haec

413 2224 556 2266 omnia
593 2225 769 2280 reliquit
806 2226 994 2281 capellae
1031 2239 1320 2266 successorum
1358 2239 1531 2265 suorum
1569 2223 1776 2264 abbatum
1812 2223 1955 2264 omnia
1977 2239 2014 2268 25

411 2295 650 2336 necessaria
690 2294 935 2350 praedictae
985 2293 1196 2348 capellae3
1242 2292 1442 2334 videlicet
1485 2291 1744 2333 vestimenta
1783 2307 1831 2333 ac
1872 2292 1956 2333 alia

412 2369 665 2405 ornamenta
685 2362 976 2412 sacerdotalia,
993 2362 1156 2411 calices,
1174 2361 1458 2409 thuribulum,
1475 2376 1674 2411 acerram,
1691 2376 1954 2416 campanam,

411 2434 571 2489 pelvim
609 2439 653 2475 et
686 2433 901 2489 pyxidem,
936 2438 1049 2474 totas
1090 2437 1316 2488 argenteas
1353 2437 1398 2473 et
1433 2431 1671 2481 deauratas,
1700 2431 1753 2471 ad
1787 2431 1952 2472 cultum

411 2503 606 2545 divinum
639 2502 800 2544 ibidem
832 2507 1042 2557 perpetuo
1073 2515 1383 2556 permansuras.

498 2573 681 2628 Insuper
706 2578 802 2628 post
824 2572 927 2612 haec
949 2570 1093 2611 omnia
1120 2569 1240 2610 dedit
1262 2569 1492 2610 conventui
1514 2569 1567 2610 ad
1591 2585 1715 2611 usum
1738 2584 1884 2610 eorum
1906 2570 1950 2610 in
1973 2584 2013 2614 30

411 2642 535 2683 domo
568 2641 780 2683 refectorii
815 2640 1100 2688 serviendum,
1131 2645 1175 2680 et
1204 2653 1288 2680 non
1321 2638 1435 2687 alibi,
1466 2638 1586 2679 xlviii
1615 2638 1751 2680 discos
1785 2645 1830 2680 et
1866 2639 1950 2680 duo

410 2711 640 2768 chargeria,
655 2710 754 2752 xxiv
771 2710 945 2751 salsaria
965 2715 1181 2765 argentea,
1196 2708 1395 2764 ponderis
1416 2708 1482 2748 civ
1500 2708 1650 2749 libras:
1682 2714 1726 2749 et
1747 2708 1801 2749 ad
1825 2723 1948 2750 usum

411 2782 642 2824 eorundem
657 2783 836 2823 fratrum
852 2780 895 2821 in
912 2780 1037 2821 domo
1052 2778 1364 2821 misericordiae
1379 2777 1664 2826 serviendum,
1678 2783 1722 2818 et
1737 2792 1820 2818 non
1835 2778 1950 2828 alibi,

410 2851 531 2893 dedit
552 2851 652 2892 xxiv
673 2850 821 2900 discos,
839 2849 898 2890 xii
920 2849 1094 2890 salsaria
1115 2854 1160 2890 et
1181 2848 1266 2889 duo
1287 2847 1518 2903 chaigeria,
1537 2846 1735 2902 ponderis
1758 2847 1799 2887 xl
1822 2847 1947 2889 libra-

410 2936 516 2971 rum,
538 2921 708 2977 signata
729 2935 825 2961 cum
848 2919 942 2960 istis
963 2919 1131 2960 duabus
1153 2917 1321 2966 litteris,
1343 2916 1505 2958 scilicet
1527 2916 1570 2957 N
1592 2922 1637 2957 et
1659 2916 1705 2964 L,
1726 2917 1947 2959 coronatis.
1968 2935 2006 2966 35

408 2997 453 3033 et
484 2991 702 3033 redditum
735 3007 759 3031 x
795 3004 1030 3030 marcarum
1067 2988 1119 3029 de
1156 2987 1333 3029 ecclesia
1364 2987 1416 3027 de
1449 2986 1632 3035 Okham,
1654 3001 1729 3041 pro
1762 2986 1947 3042 hospitio

406 3061 777 3117 praedecessorum
811 3074 984 3101 suorum
1021 3057 1229 3099 abbatum
1261 3056 1487 3098 annuatim
1516 3055 1853 3112 percipiendum,
1884 3072 1946 3098 re-

407 3130 568 3172 laxavit
609 3130 662 3171 ad
703 3129 1019 3185 praedictorum
1062 3142 1257 3169 vasorum
1300 3125 1626 3182 reparationem,
1667 3126 1946 3167 sustentatio-

494 3223 534 3252 14
557 3221 636 3253 ᾶειῑῖι
655 3221 706 3253 W.
928 3222 967 3253 19
992 3220 1080 3251 Item
1099 3219 1156 3259 Sp.
1381 3219 1422 3251 27
1446 3218 1614 3257 acerram]
1631 3217 1779 3248 aceciam
1795 3217 1849 3250 W.

1018 3272 1059 3302 28
1083 3281 1143 3302 om.
1162 3273 1255 3302 totas
1274 3270 1333 3310 Sp.
