2385 3891
142 2016 294 2047 Thomas

141 2058 286 2099 Henley.

141 2102 281 2134 Elected

144 2147 220 2187 Sep.
240 2145 364 2187 (1333).

143 2224 162 2255 J
166 2222 371 2254 urisdiction

143 2277 221 2298 over
237 2267 344 2306 Hosp.
366 2266 403 2297 of

145 2310 183 2342 St
199 2310 219 2341 J
222 2320 314 2341 ames

145 2354 202 2393 (cf.
219 2353 312 2385 John

144 2397 295 2438 Redyng,
313 2396 349 2427 in

146 2440 315 2480 Cleopatr.

145 2485 184 2516 A.
202 2494 259 2515 XVI
271 2483 395 2525 f.151>.

615 424 845 474 Wz'llz'am
887 424 1253 487 Cui-tlynsstme,
1299 422 1526 470 Thomas
1561 420 1765 482 Henley
1861 421 1954 466 125

414 549 593 606 capituli
645 548 778 590 nostri
827 548 1139 604 consignatum,
1182 547 1224 588 in
1275 545 1570 588 testimonium
1614 543 1955 601 praemissorum.

415 625 558 661 actum
592 624 637 659 et
672 617 823 659 datum
856 617 899 658 in
936 617 1125 672 capitulo
1160 614 1532 657 westmonasterii
1568 614 1611 655 in
1645 614 1752 655 festo
1788 619 1956 668 aposto-

416 690 552 730 lorum
585 687 773 730 Simonis
805 694 849 728 et
879 686 1020 728 Judae
1052 701 1164 726 anno
1195 684 1360 740 gratiae
1392 683 1620 724 millesimo
1651 681 1850 724 cccxxiv0.

503 759 555 800 In
578 757 775 814 originali
798 757 850 797 de
872 771 983 797 anno
1005 755 1189 812 septimo
1211 754 1323 810 regis
1347 753 1544 794 Edwardi
1571 752 1702 801 tertii,
1724 752 1864 794 rotulo
1887 756 1958 792 ΧνΟ

419 827 737 876 Middlesexiae,
760 826 872 868 idem
896 841 969 867 rex
999 840 1074 882 per
1102 825 1270 866 litteras
1298 839 1396 864 suas
1424 829 1624 879 patentes
1646 821 1769 863 datas
1791 820 1868 862 xii⁰
1889 819 1958 861 die

418 896 700 953 Septembris,
731 910 842 937 anno
874 895 995 950 regni
1029 894 1096 935 sui
1135 894 1222 942 vii⁰‚
1254 908 1329 949 pro
1361 892 1545 948 quodam
1582 891 1666 932 fine
1700 906 1721 932 c
1752 890 1958 931 librarum

419 965 633 1007 commisit
654 965 783 1021 priori
803 972 845 1006 et
863 963 1093 1005 conventui
1111 962 1311 1004 abbatiae
1334 960 1703 1002 Westmonasterii
1720 959 1958 1001 custodiam

419 1034 611 1076 omnium
635 1033 936 1090 temporalium
959 1032 1011 1073 ad
1037 1032 1239 1073 abbatem
1264 1029 1635 1072 westmonasterii
1658 1028 1960 1085 spectantium,

419 1119 527 1160 quae
557 1103 602 1144 in
631 1117 761 1144 manu
791 1101 954 1142 domini
983 1100 1095 1156 regis
1121 1099 1338 1141 occasione
1361 1099 1510 1139 mortis
1532 1113 1670 1154 nuper
1690 1097 1859 1139 abbatis
1881 1096 1957 1137 loci

419 1173 629 1230 praedicti
655 1172 861 1221 existunt,
883 1170 1125 1212 habendam
1155 1177 1233 1211 etc.
1286 1169 1330 1209 in
1359 1167 1554 1224 originali
1584 1167 1636 1208 de
1668 1182 1780 1208 anno
1811 1173 1960 1208 octavo

420 1243 531 1300 regis
554 1241 752 1284 Edwardi
778 1241 837 1290 iii,
858 1241 998 1282 rotulo
1027 1239 1117 1280 xxi⁰
1147 1237 1466 1286 Middlesexiae,
1488 1237 1602 1278 idem
1631 1251 1704 1277 rex
1730 1250 1806 1291 per
1833 1236 1961 1276 breve

421 1329 545 1355 suum
589 1312 739 1353 datum
782 1310 900 1351 xxix⁰
941 1309 1010 1351 die
1051 1308 1188 1357 Junii,
1224 1307 1434 1349 directum
1479 1306 1608 1362 priori
1651 1312 1695 1347 et
1731 1305 1959 1346 conventui

426 1380 808 1430 westmonasterii,
845 1379 1095 1421 custodibus
1137 1377 1440 1433 temporalium
1481 1375 1682 1417 abbatiae
1722 1375 1962 1416 Westmon-

421 1453 567 1494 asterii
605 1451 798 1492 vacantis
834 1456 879 1491 et
915 1449 958 1490 in
997 1463 1127 1489 manu
1164 1447 1277 1502 regis
1314 1445 1553 1493 existentis,
1590 1444 1813 1485 mandavit
1849 1443 1963 1500 quod

422 1523 611 1564 Thomae
644 1521 697 1562 de
735 1519 877 1561 Henle
915 1518 1121 1559 monacho
1154 1516 1399 1573 praedictae
1436 1515 1649 1563 ecclesiae⁷
1685 1514 1730 1555 in
1761 1514 1961 1555 abbatem

423 1607 560 1649 nuper
585 1591 720 1633 electo
751 1596 796 1631 et
823 1604 900 1645 per
931 1588 1176 1630 Johannem
1209 1585 1576 1641 archiepiscopum
1607 1584 1962 1627 Cantuariensem

423 1660 681 1703 auctoritate
694 1658 927 1715 apostolica
944 1657 1025 1698 rite
1040 1663 1084 1698 et
1101 1655 1302 1697 canonice
1316 1655 1542 1711 praefecto,
1556 1654 1700 1694 omnia
1714 1653 1965 1709 temporalia

424 1730 643 1787 praedicta
664 1744 761 1769 cum
776 1726 1052 1784 pertinentiis
1067 1726 1308 1767 liberarent.
1364 1730 1408 1765 et
1425 1723 1484 1764 sic
1505 1722 1678 1764 duravit
1695 1722 1779 1764 ista
1801 1723 1965 1764 vacatio

423 1801 477 1842 ab
500 1800 560 1841 xi⁰
581 1799 651 1840 die
674 1797 944 1854 Septembris
972 1811 1084 1838 anno
1106 1795 1183 1836 vii⁰
1204 1794 1316 1850 regis
1343 1793 1540 1835 Edwardi
1564 1793 1609 1833 iii
1633 1808 1767 1848 usque
1789 1793 1842 1833 ad
1865 1792 1965 1833 xxix

423 1870 537 1911 diem
579 1868 703 1910 Junii
744 1866 936 1923 proxime
973 1870 1240 1921 sequentem,
1272 1863 1473 1904 videlicet
1508 1877 1585 1918 per
1621 1861 1704 1903 tria
1738 1861 1967 1918 quarteria,

423 1940 453 1981 ii
486 1939 748 1995 septimanas
780 1943 824 1978 et
856 1936 898 1977 iv
929 1935 1031 1977 dies.

512 2008 577 2049 De
609 2007 774 2047 Thoma
811 2005 953 2046 Henle
989 2004 1157 2045 abbate.

512 2078 699 2118 Thomas
722 2075 864 2117 Henle
881 2079 1175 2131 postmortem
1194 2072 1398 2114 Willelmi
1427 2071 1663 2127 supradicti
1686 2071 1835 2112 eodem
1858 2086 1970 2112 anno

426 2162 572 2188 mense
594 2144 841 2202 Septembri
864 2144 909 2185 in
930 2144 1133 2185 abbatem
1156 2141 1528 2184 westmonasterii
1552 2142 1714 2183 electus
1737 2148 1813 2183 est.

516 2215 664 2270 Hujus
695 2219 843 2255 autem
876 2219 1068 2268 tempore
1101 2211 1394 2253 thesaurarius
1426 2210 1610 2266 Angliae
1644 2210 1886 2251 Willelmus
1918 2210 1969 2251 de
2017 2231 2027 2237 ·

428 2284 683 2331 Cusauncia,
711 2282 867 2338 spiritu
905 2297 1091 2338 nequam
1122 2281 1289 2328 ductus,
1313 2279 1659 2336 jurisdictionem
1691 2279 1736 2320 in
1769 2279 1967 2335 hospitali

428 2353 565 2395 sancti
586 2353 614 2394 J
617 2352 749 2402 acobi,
770 2352 822 2393 de
848 2350 1049 2407 parochia
1077 2355 1250 2391 sanctae
1281 2349 1550 2404 Margaret-ae
1572 2363 1704 2404 prope
1727 2348 1970 2389 Westmon-

428 2423 648 2471 asterium,
689 2421 936 2463 vindicabat
954 2434 963 2470 3
1011 2435 1061 2461 ea
1102 2419 1154 2460 de
1196 2433 1334 2467 causa,
1376 2417 1479 2473 quia
1526 2417 1705 2459 abbates
1746 2417 1850 2458 dicti
1893 2417 1970 2458 loci

430 2491 686 2534 thesaurarii
709 2490 821 2546 regis
844 2490 944 2531 olim
967 2495 1161 2544 tempore
1191 2487 1316 2529 officii
1338 2487 1404 2528 sui
1433 2487 1602 2542 plenam
1625 2486 1970 2542 jurisdictionem

430 2563 475 2603 in
496 2562 646 2603 eadem
669 2566 964 2602 exercuerunt.
1017 2559 1150 2600 abbas
1171 2565 1319 2599 autem
1343 2563 1491 2598 contra
1514 2556 1828 2598 thesaurarium
1852 2571 1971 2611 prae-

432 2632 598 2673 dictum
620 2631 749 2671 breve
771 2628 1034 2685 impetravit,
1056 2634 1100 2669 et
1122 2627 1284 2669 habens
1306 2642 1449 2668 secum
1472 2626 1657 2682 patriam
1679 2625 1970 2666 fidelissimam

431 2700 655 2756 placitavit
672 2714 680 2749 3
711 2699 785 2754 qui
809 2698 1013 2739 dixerunt
1043 2711 1119 2752 per
1147 2702 1461 2737 sacramentum
1493 2710 1619 2736 suum
1649 2695 1762 2751 quod
1794 2695 1973 2736 abbates

434 2766 805 2810 westmonasterii
824 2766 1070 2807 habuerunt
1088 2771 1132 2805 et
1150 2764 1311 2805 habent
1326 2763 1613 2804 omnimodam
1626 2762 1971 2819 jurisdictionem

432 2839 476 2880 in
498 2837 717 2894 praedicto
740 2835 955 2891 hospitali,
977 2841 1021 2876 et
1050 2834 1211 2875 ibidem
1242 2834 1393 2875 fratres
1421 2839 1465 2874 et
1493 2848 1653 2874 sorores
1676 2832 1972 2881 visitaverunt,

433 2908 495 2949 eis
515 2922 591 2963 pro
613 2906 701 2947 suis
723 2905 894 2947 delictis
915 2904 1203 2960 penitentiam
1226 2903 1503 2959 injungendo,
1526 2908 1628 2952 etc.;
1665 2909 1709 2944 et
1730 2902 1841 2958 quod
1866 2902 1971 2943 nulli

433 2977 506 3019 alii
528 2983 829 3033 praeterquam
851 2974 1057 3031 praedicti
1081 2974 1426 3030 praedecessores
1445 2973 1509 3014 vel
1532 2987 1677 3013 eorum
1696 2971 1971 3013 commissarii

434 3048 486 3089 de
503 3046 721 3102 aliquibus
734 3046 862 3086 rebus
876 3045 930 3086 ad
944 3044 1107 3086 dictum
1125 3042 1380 3099 hospitalem
1396 3041 1703 3098 spectantibus,
1716 3041 1768 3082 dc
1784 3041 1850 3082 his
1866 3056 1974 3096 quac

501 3167 520 3196 3
558 3165 668 3205 xxiv0]
706 3164 869 3195 vicesimo
908 3166 1029 3194 octavo
1068 3162 1089 3194 d
1129 3162 1198 3203 (secl
1236 3161 1399 3192 vicesimo
1439 3163 1562 3200 quarto
1600 3160 1676 3189 Lib.
1714 3160 1792 3198 Niy.
1832 3159 1852 3190 f.
1887 3159 1974 3198 103).

436 3218 456 3250 6
479 3216 675 3248 Decembris
699 3216 757 3256 Sp.
968 3216 1007 3246 11
1031 3214 1139 3255 idem]
1161 3214 1245 3245 item
1269 3213 1322 3244 W.
1531 3212 1570 3242 13
1594 3211 1728 3242 abbatie
1752 3214 1895 3250 tempor.
1922 3210 1973 3243 W.

437 3271 478 3302 35
502 3268 676 3310 jungendo
698 3268 751 3300 W.

1986 1181 2022 1202 10

1988 1529 2022 1559 ¹5

1988 1877 2028 1897 20

1993 2575 2034 2605 30

1994 2919 2032 2949 35
