2385 3891
531 415 594 460 50
830 410 1012 458 Flete's
1048 409 1273 470 Historgs
1308 407 1376 470 of
1409 406 1760 455 Westminster

530 539 675 574 nostra
715 538 780 574 est
821 533 910 572 filia
951 531 1157 587 specialis,
1188 531 1410 586 providere
1452 530 1655 579 volentes,
1686 529 1944 571 auctoritate
1986 528 2067 570 tibi

530 605 823 661 praesentium
861 604 1107 644 inhibemus
1138 617 1191 643 ne
1224 602 1421 643 ecclesias
1452 602 1542 643 sive
1572 601 1678 642 alias
1708 601 1992 657 possessiones
2024 605 2068 641 et

530 674 642 715 bona
663 674 855 729 ejusdem
878 672 1079 714 ecclesiae
1101 672 1154 712 ad
1176 687 1447 713 communem
1465 671 1789 727 dispositionem
1805 670 2069 727 pertinentia

531 744 691 798 absque
714 756 919 783 consensu
944 747 987 782 et
1010 741 1232 782 voluntate
1254 740 1434 796 capituli
1456 740 1522 781 tui
1547 741 1611 781 vel
1633 739 1805 795 majoris
1827 745 1871 781 et
1892 739 2069 781 sanioris

531 812 666 868 partis
698 811 826 852 alicui
858 816 1020 851 temere
1058 810 1245 851 conferre
1278 810 1343 851 vel
1378 810 1564 851 alienare
1600 825 1856 866 praesumas.
1918 809 2069 850 datum
2090 824 2106 854 5

532 881 746 930 Laterani,
762 879 900 936 pridie
923 879 1128 921 kalendas
1150 879 1266 927 Maii,
1286 879 1563 935 pontificatus
1584 879 1719 921 nostri
1741 894 1852 920 anno
1874 878 2069 920 secundO.

248 1025 345 1056 VIII.
383 1024 487 1055 From
624 1017 877 1073 Capitulum
915 1022 1125 1058 octavum.
1187 1016 1239 1057 In
1277 1015 1425 1057 charta
1461 1016 1573 1072 regis
1610 1015 1769 1071 Edgari
1804 1014 1969 1070 pacifici
2011 1013 2070 1055 sic

248 1068 306 1100 the
322 1067 458 1099 charter
480 1068 517 1098 of

248 1112 287 1144 K.
308 1111 424 1151 Edgar
441 1110 498 1142 the
533 1087 743 1128 habetur:

249 1155 442 1187 Peaceable.
974 1171 980 1176 -
1374 1170 1384 1187 ,
1444 1170 1450 1176 .
1548 1169 1555 1176 .

247 1198 297 1230 Cf.
321 1199 477 1229 ‘Domes-
619 1173 846 1228 Regnante
868 1171 1041 1211 domino
1063 1175 1208 1211 nostro
1225 1170 1252 1212 J
1257 1185 1330 1211 esu
1350 1170 1523 1212 Christo
1545 1184 1589 1210 111
1610 1174 1882 1225 perpetuum.
1934 1183 2070 1210 amen.

248 1241 328 1281 day’
346 1242 368 1274 f.
390 1242 467 1273 3611.
532 1258 610 1299 ego
633 1242 829 1297 Edgarus
850 1239 919 1281 dei
941 1239 1082 1295 gratia
1103 1239 1329 1295 anglorum
1351 1254 1437 1281 rex.
1498 1244 1542 1280 et
1564 1238 1696 1279 infra:
2095 1259 2133 1281 10

620 1312 764 1368 Igitur
785 1315 1013 1366 postquam
1036 1309 1146 1349 dono
1167 1308 1236 1350 dei
1259 1314 1303 1350 et
1324 1315 1505 1365 paterna
1533 1307 1797 1349 successione
1823 1307 1868 1347 in
1890 1321 2071 1362 regnum

534 1382 773 1437 Anglorum
796 1379 1112 1421 inthronizatus
1134 1384 1178 1419 et
1201 1378 1476 1420 confirmatus
1495 1378 1568 1427 fui,
1586 1378 1659 1419 ubi
1679 1377 1766 1418 vidi
1789 1377 1986 1418 ecclesias
2002 1372 2072 1418 dei

534 1457 623 1493 tam
655 1450 841 1507 peccatis
865 1448 1141 1504 exigentibus
1170 1463 1299 1504 quam
1332 1448 1489 1489 crebris
1516 1448 1793 1489 barbarorum
1823 1446 2071 1503 irruptioni-

533 1521 614 1562 bus
645 1520 823 1568 dirutas,
845 1525 889 1560 et
922 1518 1107 1560 maxime
1139 1522 1332 1558 sanctam
1365 1522 1409 1558 et
1440 1517 1717 1573 apostolicam
1750 1517 1897 1567 vitam,
1919 1517 1963 1558 id
1995 1521 2071 1566 est,

536 1589 832 1631 monachicum
855 1587 1059 1635 ordinem,
1089 1601 1165 1642 per
1192 1601 1339 1627 omnes
1367 1586 1488 1643 regni
1510 1586 1595 1627 mei
1616 1585 1855 1641 provincias
1877 1585 2072 1626 funditus
2096 1605 2131 1636 15

534 1660 761 1716 deperisse,
778 1658 967 1715 graviter
987 1658 1135 1698 dolens
1157 1663 1201 1698 et
1223 1656 1447 1698 consilium
1470 1672 1495 1697 a
1515 1656 1671 1712 spiritu
1693 1661 1840 1697 sancto
1861 1655 2073 1711 accipiens

535 1731 762 1772 Dunstano
803 1727 1120 1783 archiepiscopo
1158 1732 1201 1767 et
1239 1726 1510 1767 Athelwoldo
1544 1725 1844 1782 Wyntoniensi
1876 1724 2072 1780 episcopo

535 1800 613 1840 hoc
634 1797 857 1854 negotium
881 1796 1029 1845 indixi,
1052 1802 1100 1837 111
1123 1796 1266 1836 onmia
1288 1796 1548 1837 monasteria
1568 1811 1678 1852 quae
1707 1796 1816 1837 infra
1838 1795 2072 1837 terminum

535 1869 669 1911 1011115
692 1866 875 1923 Angliae
898 1866 982 1907 sita
1004 1871 1106 1907 sunt
1128 1880 1257 1921 supra
1281 1866 1347 1906 vel
1368 1865 1479 1906 infra
1508 1865 1783 1907 circumirent
1811 1880 1859 1906 ac
1880 1863 2072 1905 reaedifi-

534 1945 692 1988 carent,
733 1936 1017 1994 possessiones
1059 1951 1168 1991 quae
1209 1935 1263 1976 ad
1304 1936 1454 1976 fiscum
1490 1936 1687 1977 redactae
1724 1940 1846 1977 erant
1883 1934 1935 1975 de
1971 1933 2074 1989 ipsis
2095 1952 2136 1974 20

535 2007 805 2049 monasteriis
850 2006 916 2047 vel
958 2005 1011 2046 ab
1053 2005 1149 2046 aliis
1196 2005 1485 2046 saecularibus
1530 2005 1819 2061 potestatibus
1861 2018 2076 2060 pervasae,

538 2078 780 2133 ubicunque
797 2075 957 2117 chartis
973 2075 1038 2116 vel
1057 2075 1317 2116 testimoniis
1331 2082 1692 2131 recognoscerent,
1707 2090 1802 2116 mea
1816 2073 2074 2115 auctoritate

536 2148 634 2189 freti
675 2147 720 2188 in
759 2147 979 2201 integrum
1029 2144 1321 2186 restituerent.
1384 2151 1428 2186 et
1477 2151 1697 2201 tamquam
1747 2145 1917 2186 dicente
1967 2143 2073 2184 mihi

534 2215 719 2266 domino,
751 2215 790 2256 A
821 2214 962 2270 capite
994 2213 1146 2268 incipe,
1179 2213 1223 2253 in
1255 2213 1405 2268 primis
1437 2213 1657 2254 ecclesiam
1686 2212 1849 2253 domini
1880 2211 2074 2268 specialis

535 2285 705 2342 patroni
736 2300 783 2325 ac
814 2282 1066 2339 protectoris
1098 2283 1232 2324 nostri
1264 2282 1381 2324 beati
1414 2283 1543 2332 Petri,
1565 2298 1674 2338 quae
1707 2283 1790 2324 sita
1819 2292 1884 2323 est
1909 2282 1953 2322 in
1985 2281 2073 2322 1000
2095 2299 2133 2328 25

537 2353 719 2396 terribili
761 2352 835 2408 qui
876 2352 930 2392 ab
971 2351 1120 2392 incolis
1161 2351 1384 2407 Thorneye
1424 2357 1711 2407 nuncupatur,
1753 2351 1807 2392 ab
1855 2350 2074 2392 occidente

537 2423 698 2465 scilicet
721 2421 838 2463 urbis
870 2419 1140 2462 Londoniae:
1172 2435 1282 2475 quae
1311 2420 1424 2470 olim,
1446 2421 1490 2462 id
1516 2427 1593 2470 est,
1615 2420 1852 2462 dominicae
1881 2420 2074 2462 incarna-

537 2492 667 2534 tionis
698 2506 809 2532 anno
841 2489 977 2531 0101111Ο
1008 2489 1125 2530 beati
1153 2489 1435 2545 Athelbrythi
1466 2490 1653 2539 hortatu,
1674 2489 1802 2546 primi
1834 2490 2074 2545 Anglorum

536 2562 648 2618 regis
681 2560 929 2609 Christiani,
954 2559 1174 2600 destructo
1205 2558 1325 2615 prius
1356 2559 1517 2601 ibidem
1549 2558 1880 2601 abominationis
1912 2559 2074 2614 templo

538 2647 687 2688 regum
729 2645 1006 2687 paganorum,
1048 2644 1073 2669 a
1114 2629 1296 2670 Seberto
1337 2629 1576 2685 praedivite
1617 2629 1803 2685 quodam
1845 2628 2074 2684 subregulo
2095 2647 2136 2678 30

538 2700 837 2750 Londoniensi,
858 2705 1014 2755 nepote
1037 2698 1237 2740 videlicet
1259 2699 1394 2754 ipsius
1424 2699 1536 2756 regis
1558 2705 1803 2741 constructa
1825 2704 1901 2749 est,
1924 2704 1967 2740 et
1990 2713 2075 2740 non

537 2771 590 2812 ab
611 2771 694 2811 alio
723 2770 796 2811 sed
824 2769 878 2810 ab
907 2768 998 2824 ipso
1027 2773 1173 2808 sancto
1201 2767 1327 2808 Petro
1356 2769 1645 2823 apostolorum
1668 2767 1859 2824 principe
1881 2767 1926 2809 in
1947 2782 2074 2809 suum

538 2840 672 2896 ipsius
689 2838 908 2895 proprium
932 2837 1135 2877 honorem
1158 2836 1373 2887 dedicata,
1394 2837 1550 2878 dehinc
1566 2838 1620 2878 ab
1644 2837 1741 2879 Offa
1763 2843 1807 2878 et
1830 2837 2074 2893 Kenulpho,

602 2944 620 2974 5
646 2942 778 2973 auferre
789 2941 841 2972 W.
1019 2940 1037 2971 9
1062 2939 1098 2970 in
1116 2940 1385 2980 perpetumnjd:
1411 2940 1607 2979 imperium.
1629 2949 1730 2971 amen
1748 2939 1805 2971 W:
1831 2940 1909 2970 add.
1928 2949 2029 2970 amen
2052 2939 2082 2970 d'

540 2994 653 3036 (supra
672 2995 731 3024 lin.
756 2993 936 3023 recentiore
954 2990 1079 3032 mamm).
1241 2991 1280 3022 15
1304 2991 1473 3031 ordinem]
1491 2991 1528 3023 d:
1554 2991 1661 3022 vitam
1679 2991 1732 3022 W.
1889 2991 1929 3022 16
1954 2992 2073 3022 sancto

539 3046 660 3087 spiritu
679 3046 709 3077 d.
891 3046 929 3077 17
955 3042 1147 3083 Ayelwaldo
1165 3042 1216 3073 W.
1405 3045 1444 3074 18
1468 3043 1533 3074 1100
1550 3044 1742 3083 negotium]
1758 3043 1818 3074 W:
1843 3053 1944 3083 supra
1962 3044 2021 3073 lin.
2040 3042 2072 3073 d.

540 3099 632 3130 intra
648 3099 679 3131 d.
838 3100 877 3130 19
901 3094 1160 3129 communizent
1177 3095 1218 3125 W
1237 3095 1295 3135 Sp.
1452 3097 1491 3126 21
1517 3105 1658 3136 pei-vase
1675 3095 1696 3126 d
1713 3095 1764 3126 W.
1921 3095 1961 3125 23
1984 3094 2036 3134 in]
2053 3094 2074 3124 d

541 3153 617 3191 (ins.
637 3151 679 3181 ad
697 3161 795 3190 supra
816 3152 907 3191 lin.):
933 3149 975 3179 ad
992 3148 1043 3181 W.
1220 3149 1260 3178 24
1285 3148 1427 3187 dompni
1444 3158 1544 3187 supra
1563 3149 1622 3177 lin.
1641 3147 1672 3177 d.
1831 3148 1872 3177 28
1896 3146 2004 3177 dcliii-³
2021 3146 2072 3177 W.

539 3202 759 3242 Athelbrithy
776 3203 828 3233 W.
967 3202 1008 3232 30
1034 3201 1203 3233 Sabertho
1220 3201 1252 3231 d.
1386 3199 1430 3239 qd
1447 3199 1508 3230 sub
1526 3199 1655 3239 Regulo
1672 3199 1724 3230 W.
1873 3199 1914 3229 32
1939 3199 2073 3238 sancto]

539 3253 579 3285 d:
605 3264 663 3285 om.
686 3253 736 3285 W.
