2385 3891
440 413 534 458 104
738 407 919 457 Flete’s
954 406 1179 469 History
1215 406 1283 469 of
1318 404 1669 455 Westminster

434 548 588 589 copum
603 532 848 573 Lincolniae
866 530 1005 572 eidem
1023 530 1328 572 confirmatam.
1381 530 1494 571 idem
1511 530 1739 585 acquisivit
1755 531 1975 572 ecclesiam

434 603 486 644 de
519 602 816 657 Patricheseye
848 601 891 641 in
927 615 1025 641 usus
1056 599 1247 655 proprios
1279 600 1526 656 sumptibus
1557 600 1645 641 suis
1676 606 1824 642 contra
1853 601 1897 642 P.
1923 601 1976 642 de

436 671 633 727 Rupibus
648 670 894 726 episcopum
915 668 1172 710 Wintoniae.
1224 669 1338 710 idem
1355 669 1584 725 acquisivit
1602 664 1769 711 61360ιή
1787 677 1976 712 castrum

434 743 486 783 de
509 742 679 782 Morton
701 741 736 781 F
739 741 826 781 olet
853 746 896 781 et
926 739 1205 780 medietatem
1235 739 1370 781 totius
1399 739 1590 789 manerii,
1616 746 1660 781 et
1697 741 1976 782 medietatem

435 811 613 852 manerii
653 811 705 852 de
748 809 979 866 Langedon
1028 824 1125 850 cum
1174 809 1349 865 capitali
1393 810 1518 851 domo
1559 809 1611 850 de
1653 809 1898 865 Langedon,
1933 816 1977 850 et

435 881 712 922 medietatem
742 880 923 920 forestae
949 894 1058 934 quae
1088 885 1255 934 spectat
1283 879 1337 920 ad
1365 879 1603 920 manerium
1632 879 1685 920 de
1712 879 1896 928 Morton,
1924 879 1976 920 de

436 950 635 1005 Philippo
660 949 748 990 filio
777 947 960 1005 Agnetis
989 947 1141 989 sororis
1171 947 1349 989 Roberti
1378 948 1500 989 Folet
1529 955 1573 989 et
1601 948 1654 989 de
1680 948 1832 989 Avicia
1855 948 1978 989 Folet

433 1034 571 1060 sorore
608 1017 817 1074 praedicti
855 1017 1061 1066 Roberti3
1102 1016 1203 1072 quia
1239 1022 1336 1072 post
1373 1023 1554 1058 mortem
1590 1017 1819 1073 Reginaldi
1853 1018 1888 1058 F
1891 1018 1977 1058 olet

432 1088 510 1129 filii
533 1087 711 1129 Roberti
734 1087 869 1136 Folet,
886 1086 958 1141 qui
982 1086 1091 1127 obiit
1112 1085 1203 1127 sine
1226 1085 1393 1135 herede,
1408 1085 1460 1126 de
1482 1101 1525 1127 se
1543 1086 1739 1141 pervenit
1762 1086 1978 1128 hereditas

432 1156 537 1198 dicti
555 1155 784 1212 Reginaldi
802 1155 855 1196 ad
872 1155 914 1195 iv
932 1169 1092 1196 sorores
1109 1154 1288 1195 Roberti
1306 1154 1441 1209 patris
1459 1154 1524 1195 sui
1540 1168 1548 1204 3
1580 1155 1742 1196 scilicet
1760 1155 1977 1210 Agnetem

433 1227 568 1275 Folet,
605 1226 811 1275 Aviciam‚
848 1224 1146 1280 Amphelisam
1189 1230 1233 1265 et
1275 1225 1500 1280 Akynam:
1538 1224 1651 1265 unde
1689 1224 1803 1266 idem
1846 1225 1978 1266 abbas

433 1303 600 1353 partem
624 1295 813 1351 Philippi
841 1294 1166 1350 provenientem
1195 1309 1271 1349 per
1299 1294 1518 1349 Agnetem
1545 1300 1589 1335 et
1611 1300 1778 1349 partem
1802 1294 1978 1335 Aviciae

434 1366 551 1416 emit,
583 1365 694 1407 sicut
729 1365 894 1406 dictum
932 1371 1008 1414 est,
1041 1370 1084 1406 et
1121 1364 1290 1406 chartas
1327 1379 1473 1405 eorum
1502 1379 1631 1420 super
1664 1365 1742 1405 hoc
1776 1363 1978 1406 obtinuit.

434 1435 642 1476 medietas
664 1434 796 1476 etiam
819 1434 998 1475 manerii
1022 1434 1074 1475 de
1102 1433 1389 1489 Chadeleghe‚
1411 1449 1521 1489 quae
1542 1439 1734 1490 spectare
1756 1434 1908 1475 debuit
1925 1435 1978 1475 ad

433 1504 701 1560 praedictum
732 1503 981 1559 Philippum
1009 1508 1052 1544 et
1079 1502 1287 1551 Aviciam,
1310 1502 1468 1544 reverti
1495 1503 1672 1544 deberet
1700 1503 1753 1544 ad
1775 1503 1977 1544 abbatem

433 1580 530 1630 post
572 1580 752 1615 mortem
796 1574 1078 1630 Margaretae,
1113 1587 1222 1628 quae
1260 1572 1344 1613 fuit
1386 1588 1492 1614 uxor
1533 1572 1760 1628 Reginaldi
1805 1573 1979 1614 Pholett

434 1644 622 1693 senioris,
644 1659 752 1699 quae
783 1643 1021 1685 manerium
1051 1643 1104 1684 de
1133 1642 1408 1699 Chadeleghe
1438 1649 1559 1684 tenet
1588 1642 1632 1683 in
1661 1643 1832 1693 dote1n3
1865 1643 1978 1684 unde

434 1714 765 1770 chirographum
817 1714 979 1755 factum
1020 1720 1085 1754 est
1127 1713 1242 1769 apud
1286 1713 1564 1769 Wygorniam
1614 1713 1728 1755 inter
1776 1713 1978 1754 abbatem

436 1783 820 1830 westmonasterii,
841 1799 892 1825 ex
925 1798 1011 1825 una
1036 1789 1159 1839 parte
1186 1789 1230 1824 et
1257 1783 1522 1824 Willehnum
1552 1783 1604 1824 de
1634 1783 1755 1824 Salso
1788 1782 1979 1832 Marisco,

433 1853 571 1894 filium
600 1853 844 1908 praedictae
874 1851 1152 1907 Amphelisae
1182 1851 1337 1893 tertiae
1366 1852 1518 1893 sororis
1549 1852 1726 1893 Roberti
1755 1853 1912 1902 Folett,
1935 1858 1979 1893 et

435 1923 549 1964 inter
566 1922 797 1963 Ricardum
815 1922 867 1963 de
883 1922 1152 1977 Muchegros,
1169 1921 1243 1976 qui
1261 1936 1338 1976 per
1355 1921 1555 1976 Akynam
1578 1927 1776 1976 quartam
1795 1937 1979 1963 sororem

436 1992 613 2034 Roberti
643 1992 767 2033 Folet
799 1991 1039 2047 ingressum
1066 1991 1220 2033 habuit
1249 1991 1291 2032 in
1322 1999 1489 2047 partem
1519 2007 1640 2032 suam
1669 1992 1721 2033 de
1750 1992 1980 2048 praedictis

436 2062 647 2104 maneriis.
708 2061 822 2102 idem
844 2061 1074 2117 acquisivit
1095 2068 1308 2103 assartum
1331 2062 1443 2117 quod
1467 2062 1661 2103 continet
1683 2062 1789 2104 duas
1811 2077 1979 2103 caruca-

436 2137 502 2172 tas
523 2137 663 2172 terrae
685 2130 729 2171 in
752 2130 942 2171 manerio
964 2130 1016 2171 de
1039 2131 1222 2179 Morton‚
1245 2130 1289 2170 in
1313 2130 1401 2171 loco
1423 2130 1497 2185 qui
1520 2130 1679 2172 dicitur
1701 2131 1979 2187 Sarperegge‚

435 2200 488 2241 de
509 2200 634 2241 bosco
656 2214 731 2240 suo
753 2198 934 2254 proprio.
986 2198 1100 2240 idem
1118 2199 1346 2254 acquisivit
1364 2199 1583 2240 ecclesiam
1602 2199 1655 2241 de
1670 2200 1978 2256 Strengesham

436 2285 532 2310 cum
550 2268 721 2310 redditu
740 2274 905 2324 septem
924 2267 1153 2308 solidorum
1172 2274 1216 2309 et
1238 2274 1331 2309 tota
1351 2269 1524 2323 sequela
1545 2284 1622 2310 sua
1643 2269 1687 2309 in
1709 2275 1979 2324 perpetuum.

437 2339 550 2380 idem
582 2338 810 2393 acquisivit
848 2337 1004 2393 viginti
1041 2345 1249 2393 quattuor
1281 2338 1484 2379 solidatas
1525 2338 1662 2393 quieti
1699 2339 1893 2380 redditus
1935 2339 1980 2380 in

439 2408 612 2450 Pendok
647 2423 742 2449 cum
781 2407 948 2448 duobus
984 2407 1248 2456 tenentibus,
1281 2407 1355 2463 qui
1392 2407 1491 2448 inde
1528 2407 1688 2449 debent
1725 2408 1979 2464 respondere

437 2478 637 2519 sacristae
662 2476 1044 2518 Westmonasterii.
1097 2477 1211 2518 idem
1228 2476 1471 2518 aedificavit
1489 2477 1634 2518 villam
1652 2493 1785 2519 novae
1808 2478 1979 2519 Morton

436 2547 481 2588 in
505 2548 774 2588 Hennelners
801 2545 846 2586 in
868 2545 1076 2587 comitatu
1100 2545 1405 2595 Gloucestriae‚
1427 2551 1471 2587 et
1499 2545 1737 2601 assignavit
1759 2547 1976 2588 redditum

436 2618 576 2659 dictae
619 2617 743 2658 villae
784 2616 838 2657 ad
878 2615 1218 2657 anniversarium
1260 2631 1385 2657 suum
1429 2616 1673 2657 faciendum
1714 2616 1766 2658 de
1803 2632 1978 2659 assensu

436 2692 683 2735 conventus,
715 2685 842 2726 salvis
874 2685 969 2726 aliis
1001 2685 1280 2741 proventibus
1312 2685 1452 2726 dictae
1487 2685 1610 2726 villae
1642 2686 1873 2727 abbatibus
1904 2686 1979 2742 qui

437 2771 512 2812 pro
536 2762 727 2810 tempore
750 2754 921 2796 fuerint.
983 2754 1098 2795 idem
1127 2753 1234 2795 emit
1256 2753 1314 2794 xii
1340 2769 1458 2795 acras
1484 2754 1596 2810 prati
1620 2755 1664 2795 in
1686 2755 1904 2796 Todeham
1926 2756 1979 2797 de

438 2825 666 2880 Radulpho
695 2824 732 2865 le
760 2824 877 2873 Poer,
899 2830 943 2864 et
965 2824 1158 2864 chartam
1187 2823 1322 2878 ipsius
1351 2838 1480 2879 super
1501 2824 1579 2865 hoc
1601 2825 1802 2867 obtinuit.
1864 2826 1977 2868 idem

437 2892 665 2949 acquisivit
702 2892 746 2932 in
784 2892 1172 2947 Whethampstede
1208 2907 1339 2933 unam
1376 2899 1618 2934 carucatam
1658 2899 1795 2935 terrae
1832 2902 1979 2937 contra

438 2964 676 3005 Robertum
698 2961 750 3002 de
773 2961 936 3004 Caville
966 2967 1010 3002 et
1037 2961 1166 3002 aliam
1195 2968 1436 3003 carucatam
1469 2969 1616 3004 contra
1638 2963 1917 3005 Godefridum
1940 2965 1978 3006 16

439 3030 792 3085 Chamberlenge,
815 3035 859 3070 et
891 3045 945 3070 xx
977 3045 1093 3070 acras
1126 3036 1263 3071 terrae
1293 3036 1337 3071 et
1366 3046 1496 3071 unam
1527 3037 1758 3072 marcatam
1785 3033 1979 3074 redditus

438 3107 586 3142 contra
607 3099 848 3141 Galfridum
874 3099 995 3140 Noel.
1058 3099 1170 3140 idem
1200 3099 1428 3154 acquisivit
1450 3099 1533 3141 tria
1554 3101 1798 3142 molendina
1819 3108 1863 3144 et
1885 3109 1979 3144 octo

504 3205 523 3234 8
548 3201 675 3234 sororis
690 3201 732 3232 W
750 3201 809 3241 Sp.
888 3202 927 3233 19
953 3201 1046 3233 Sallo
1062 3201 1105 3232 W
1123 3201 1181 3242 Sp.
1255 3203 1296 3234 20
1320 3202 1561 3242 filium]÷filie
1579 3203 1636 3242 Sp.
1706 3205 1747 3236 27
1772 3203 1900 3236 solidos
1917 3205 1972 3246 Sp.

438 3258 479 3286 30
503 3253 725 3286 hemnersche
743 3254 801 3293 Sp.
936 3255 976 3284 34
1001 3254 1041 3285 de
1058 3255 1164 3294 poher
1182 3254 1239 3294 Sp.
1377 3256 1418 3285 35
1442 3254 1731 3287 Whathamstede
1749 3255 1808 3296 Sp.

2002 1173 2039 1194 10

2002 1523 2037 1553 15

1999 1873 2040 1895 20

2000 2219 2038 2249 25

1999 2568 2040 2598 30

1999 2913 2036 2942 35
