<?xml version="1.0" encoding="UTF-8"?>
<!DOCTYPE html PUBLIC "-//W3C//DTD XHTML 1.0 Transitional//EN"
    "http://www.w3.org/TR/xhtml1/DTD/xhtml1-transitional.dtd">
<html xmlns="http://www.w3.org/1999/xhtml" xml:lang="en" lang="en">
 <head>
  <title>
</title>
<meta http-equiv="Content-Type" content="text/html;charset=utf-8" />
  <meta name='ocr-system' content='tesseract 3.04.00' />
  <meta name='ocr-capabilities' content='ocr_page ocr_carea ocr_par ocr_line ocrx_word'/>
</head>
<body>
  <div class='ocr_page' id='page_1' title='image "./historyofwestmin00flet_0144.png"; bbox 0 0 2385 3891; ppageno 0'>
   <div class='ocr_carea' id='block_1_1' title="bbox 226 847 444 921">
    <p class='ocr_par' dir='ltr' id='par_1_1' title="bbox 226 847 444 921">
     <span class='ocr_line' id='line_1_1' title="bbox 227 847 444 878; baseline 0 -1"><span class='ocrx_word' id='word_1_1' title='bbox 227 847 318 878; x_wconf 81' lang='lat' dir='ltr'>Gifts</span> <span class='ocrx_word' id='word_1_2' title='bbox 336 849 369 877; x_wconf 82' lang='lat' dir='ltr'>to</span> <span class='ocrx_word' id='word_1_3' title='bbox 387 847 444 877; x_wconf 84' lang='lat' dir='ltr'>the</span> 
     </span>
     <span class='ocr_line' id='line_1_2' title="bbox 226 890 365 921; baseline -0.007 0"><span class='ocrx_word' id='word_1_4' title='bbox 226 890 365 921; x_wconf 89' lang='lat' dir='ltr'>church.</span> 
     </span>
    </p>
   </div>
   <div class='ocr_carea' id='block_1_2' title="bbox 226 1199 437 1280">
    <p class='ocr_par' dir='ltr' id='par_1_2' title="bbox 226 1199 437 1280">
     <span class='ocr_line' id='line_1_3' title="bbox 229 1199 437 1230; baseline 0.005 -1"><span class='ocrx_word' id='word_1_5' title='bbox 229 1199 277 1229; x_wconf 85' lang='lat' dir='ltr'>Cf.</span> <span class='ocrx_word' id='word_1_6' title='bbox 300 1201 437 1230; x_wconf 74' lang='lat' dir='ltr'>Munim.</span> 
     </span>
     <span class='ocr_line' id='line_1_4' title="bbox 226 1242 393 1280; baseline -0.012 -6"><span class='ocrx_word' id='word_1_7' title='bbox 226 1244 253 1280; x_wconf 79' lang='lat'>9,</span> <span class='ocrx_word' id='word_1_8' title='bbox 276 1242 393 1273; x_wconf 82' lang='lat'>225-6.</span> 
     </span>
    </p>
   </div>
   <div class='ocr_carea' id='block_1_3' title="bbox 232 2177 452 2261">
    <p class='ocr_par' dir='ltr' id='par_1_3' title="bbox 232 2177 452 2261">
     <span class='ocr_line' id='line_1_5' title="bbox 233 2177 452 2208; baseline 0.009 -3"><span class='ocrx_word' id='word_1_9' title='bbox 233 2178 331 2208; x_wconf 74' lang='lat' dir='ltr'>Gries</span> <span class='ocrx_word' id='word_1_10' title='bbox 345 2180 380 2208; x_wconf 89' lang='lat' dir='ltr'>at</span> <span class='ocrx_word' id='word_1_11' title='bbox 397 2177 452 2207; x_wconf 85' lang='lat' dir='ltr'>his</span> 
     </span>
     <span class='ocr_line' id='line_1_6' title="bbox 232 2221 424 2261; baseline 0.005 -10"><span class='ocrx_word' id='word_1_12' title='bbox 232 2221 424 2261; x_wconf 84' lang='lat' dir='ltr'>departure.</span> 
     </span>
    </p>
   </div>
   <div class='ocr_carea' id='block_1_4' title="bbox 232 2589 494 2715">
    <p class='ocr_par' dir='ltr' id='par_1_4' title="bbox 232 2589 494 2715">
     <span class='ocr_line' id='line_1_7' title="bbox 233 2589 494 2628; baseline -0.004 -7"><span class='ocrx_word' id='word_1_13' title='bbox 233 2590 297 2622; x_wconf 55' lang='lat'><strong>&gt;1⁴21</strong></span> <span class='ocrx_word' id='word_1_14' title='bbox 310 2589 494 2628; x_wconf 75' lang='lat' dir='ltr'>July1376.</span> 
     </span>
     <span class='ocr_line' id='line_1_8' title="bbox 232 2632 447 2663; baseline 0.005 -1"><span class='ocrx_word' id='word_1_15' title='bbox 232 2632 356 2663; x_wconf 82' lang='lat' dir='ltr'>Bnried</span> <span class='ocrx_word' id='word_1_16' title='bbox 374 2634 447 2663; x_wconf 85' lang='lat' dir='ltr'>first</span> 
     </span>
     <span class='ocr_line' id='line_1_9' title="bbox 232 2676 493 2715; baseline 0 -9"><span class='ocrx_word' id='word_1_17' title='bbox 232 2686 312 2706; x_wconf 80' lang='lat' dir='ltr'>near</span> <span class='ocrx_word' id='word_1_18' title='bbox 323 2676 493 2715; x_wconf 74' lang='lat' dir='ltr'>Avignon;</span> 
     </span>
    </p>
   </div>
   <div class='ocr_carea' id='block_1_5' title="bbox 230 2870 483 3032">
    <p class='ocr_par' dir='ltr' id='par_1_5' title="bbox 231 2870 408 2952">
     <span class='ocr_line' id='line_1_10' title="bbox 231 2870 408 2900; baseline -0.006 0"><span class='ocrx_word' id='word_1_19' title='bbox 231 2871 291 2900; x_wconf 84' lang='lat' dir='ltr'>but</span> <span class='ocrx_word' id='word_1_20' title='bbox 308 2870 408 2900; x_wconf 83' lang='lat' dir='ltr'>after-</span> 
     </span>
     <span class='ocr_line' id='line_1_11' title="bbox 231 2913 401 2952; baseline -0.006 -8"><span class='ocrx_word' id='word_1_21' title='bbox 231 2913 341 2944; x_wconf 85' lang='lat' dir='ltr'>wards</span> <span class='ocrx_word' id='word_1_22' title='bbox 359 2913 401 2952; x_wconf 85' lang='lat' dir='ltr'>by</span> 
     </span>
    </p>

    <p class='ocr_par' dir='ltr' id='par_1_6' title="bbox 230 2956 483 3032">
     <span class='ocr_line' id='line_1_12' title="bbox 233 2956 483 2987; baseline -0.004 0"><span class='ocrx_word' id='word_1_23' title='bbox 233 2959 272 2987; x_wconf 64' lang='lat' dir='ltr'>St</span> <span class='ocrx_word' id='word_1_24' title='bbox 290 2956 483 2987; x_wconf 71' lang='lat' dir='ltr'>Benedict&#39;s</span> 
     </span>
     <span class='ocr_line' id='line_1_13' title="bbox 230 2999 332 3032; baseline 0.02 -2"><span class='ocrx_word' id='word_1_25' title='bbox 230 2999 332 3032; x_wconf 77' lang='lat' dir='ltr'>altar.</span> 
     </span>
    </p>
   </div>
   <div class='ocr_carea' id='block_1_6' title="bbox 515 446 1748 510">
    <p class='ocr_par' dir='ltr' id='par_1_7' title="bbox 515 446 1748 510">
     <span class='ocr_line' id='line_1_14' title="bbox 515 446 1748 510; baseline -0.003 -12"><span class='ocrx_word' id='word_1_26' title='bbox 515 454 609 499; x_wconf 74' lang='lat'>132</span> <span class='ocrx_word' id='word_1_27' title='bbox 815 450 997 498; x_wconf 76' lang='lat' dir='ltr'>Flete’s</span> <span class='ocrx_word' id='word_1_28' title='bbox 1033 448 1258 510; x_wconf 74' lang='lat' dir='ltr'>History</span> <span class='ocrx_word' id='word_1_29' title='bbox 1295 446 1363 510; x_wconf 82' lang='lat' dir='ltr'>os</span> <span class='ocrx_word' id='word_1_30' title='bbox 1397 446 1748 495; x_wconf 70' lang='lat' dir='ltr'>Westminster</span> 
     </span>
    </p>
   </div>
   <div class='ocr_carea' id='block_1_7' title="bbox 510 569 2056 2914">
    <p class='ocr_par' dir='ltr' id='par_1_8' title="bbox 510 569 2051 837">
     <span class='ocr_line' id='line_1_15' title="bbox 511 569 2049 627; baseline -0.005 -10"><span class='ocrx_word' id='word_1_31' title='bbox 511 576 674 617; x_wconf 86' lang='lat' dir='ltr'>entiam</span> <span class='ocrx_word' id='word_1_32' title='bbox 697 582 740 617; x_wconf 89' lang='lat' dir='ltr'>ct</span> <span class='ocrx_word' id='word_1_33' title='bbox 757 576 971 616; x_wconf 79' lang='lat' dir='ltr'>honorem.</span> <span class='ocrx_word' id='word_1_34' title='bbox 1018 575 1159 615; x_wconf 81' lang='lat' dir='ltr'>fuerat</span> <span class='ocrx_word' id='word_1_35' title='bbox 1182 572 1297 614; x_wconf 88' lang='lat' dir='ltr'>enim</span> <span class='ocrx_word' id='word_1_36' title='bbox 1313 571 1377 612; x_wconf 83' lang='lat' dir='ltr'>vir</span> <span class='ocrx_word' id='word_1_37' title='bbox 1393 571 1539 627; x_wconf 87' lang='lat' dir='ltr'>magni</span> <span class='ocrx_word' id='word_1_38' title='bbox 1560 570 1725 612; x_wconf 91' lang='lat' dir='ltr'>consilii</span> <span class='ocrx_word' id='word_1_39' title='bbox 1747 576 1791 611; x_wconf 93' lang='lat' dir='ltr'>et</span> <span class='ocrx_word' id='word_1_40' title='bbox 1812 569 2049 626; x_wconf 70' lang='lat' dir='ltr'>sapientiae</span> 
     </span>
     <span class='ocr_line' id='line_1_16' title="bbox 511 638 2051 697; baseline -0.004 -12"><span class='ocrx_word' id='word_1_41' title='bbox 511 645 770 693; x_wconf 83' lang='lat' dir='ltr'>excellentis,</span> <span class='ocrx_word' id='word_1_42' title='bbox 788 644 951 686; x_wconf 90' lang='lat' dir='ltr'>tenacis</span> <span class='ocrx_word' id='word_1_43' title='bbox 975 642 1203 685; x_wconf 81' lang='lat' dir='ltr'>memoriae</span> <span class='ocrx_word' id='word_1_44' title='bbox 1226 648 1270 684; x_wconf 92' lang='lat' dir='ltr'>et</span> <span class='ocrx_word' id='word_1_45' title='bbox 1292 641 1532 697; x_wconf 88' lang='lat' dir='ltr'>eloquentis</span> <span class='ocrx_word' id='word_1_46' title='bbox 1554 640 1775 682; x_wconf 82' lang='lat' dir='ltr'>facundiae</span> <span class='ocrx_word' id='word_1_47' title='bbox 1793 654 1800 690; x_wconf 88' lang='lat'>;</span> <span class='ocrx_word' id='word_1_48' title='bbox 1831 646 1875 681; x_wconf 92' lang='lat' dir='ltr'>et</span> <span class='ocrx_word' id='word_1_49' title='bbox 1897 638 2051 680; x_wconf 89' lang='lat' dir='ltr'>idcirco</span> 
     </span>
     <span class='ocr_line' id='line_1_17' title="bbox 511 708 2051 768; baseline -0.004 -14"><span class='ocrx_word' id='word_1_50' title='bbox 511 714 672 754; x_wconf 87' lang='lat' dir='ltr'>electus</span> <span class='ocrx_word' id='word_1_51' title='bbox 695 720 759 754; x_wconf 89' lang='lat' dir='ltr'>est</span> <span class='ocrx_word' id='word_1_52' title='bbox 782 720 826 754; x_wconf 90' lang='lat' dir='ltr'>et</span> <span class='ocrx_word' id='word_1_53' title='bbox 847 717 1096 768; x_wconf 89' lang='lat' dir='ltr'>assumptus</span> <span class='ocrx_word' id='word_1_54' title='bbox 1117 726 1194 767; x_wconf 89' lang='lat' dir='ltr'>per</span> <span class='ocrx_word' id='word_1_55' title='bbox 1214 726 1403 752; x_wconf 88' lang='lat' dir='ltr'>summos</span> <span class='ocrx_word' id='word_1_56' title='bbox 1424 710 1544 766; x_wconf 88' lang='lat' dir='ltr'>regni</span> <span class='ocrx_word' id='word_1_57' title='bbox 1566 724 1759 766; x_wconf 80' lang='lat' dir='ltr'>proceres</span> <span class='ocrx_word' id='word_1_58' title='bbox 1781 715 1824 750; x_wconf 91' lang='lat' dir='ltr'>et</span> <span class='ocrx_word' id='word_1_59' title='bbox 1846 708 2051 764; x_wconf 85' lang='lat' dir='ltr'>primates</span> 
     </span>
     <span class='ocr_line' id='line_1_18' title="bbox 510 778 1780 837; baseline -0.003 -15"><span class='ocrx_word' id='word_1_60' title='bbox 510 782 563 822; x_wconf 89' lang='lat' dir='ltr'>ad</span> <span class='ocrx_word' id='word_1_61' title='bbox 585 781 761 822; x_wconf 87' lang='lat' dir='ltr'>consilia</span> <span class='ocrx_word' id='word_1_62' title='bbox 782 781 894 837; x_wconf 84' lang='lat' dir='ltr'>regis</span> <span class='ocrx_word' id='word_1_63' title='bbox 917 787 1080 822; x_wconf 87' lang='lat' dir='ltr'>secreta</span> <span class='ocrx_word' id='word_1_64' title='bbox 1102 785 1146 821; x_wconf 92' lang='lat' dir='ltr'>et</span> <span class='ocrx_word' id='word_1_65' title='bbox 1167 779 1289 835; x_wconf 86' lang='lat' dir='ltr'>regni</span> <span class='ocrx_word' id='word_1_66' title='bbox 1310 779 1485 835; x_wconf 84' lang='lat' dir='ltr'>negotia</span> <span class='ocrx_word' id='word_1_67' title='bbox 1505 778 1780 834; x_wconf 89' lang='lat' dir='ltr'>disponenda.</span> 
     </span>
    </p>

    <p class='ocr_par' dir='ltr' id='par_1_9' title="bbox 511 846 2055 2140">
     <span class='ocr_line' id='line_1_19' title="bbox 598 846 2052 891; baseline -0.004 0"><span class='ocrx_word' id='word_1_68' title='bbox 598 850 714 890; x_wconf 85' lang='lat' dir='ltr'>Dum</span> <span class='ocrx_word' id='word_1_69' title='bbox 737 865 836 890; x_wconf 88' lang='lat' dir='ltr'>vero</span> <span class='ocrx_word' id='word_1_70' title='bbox 853 855 965 891; x_wconf 91' lang='lat' dir='ltr'>esset</span> <span class='ocrx_word' id='word_1_71' title='bbox 994 849 1038 889; x_wconf 90' lang='lat' dir='ltr'>in</span> <span class='ocrx_word' id='word_1_72' title='bbox 1061 848 1178 890; x_wconf 86' lang='lat' dir='ltr'>curia</span> <span class='ocrx_word' id='word_1_73' title='bbox 1200 848 1393 889; x_wconf 84' lang='lat' dir='ltr'>Romana</span> <span class='ocrx_word' id='word_1_74' title='bbox 1414 847 1641 888; x_wconf 88' lang='lat' dir='ltr'>cardinalis</span> <span class='ocrx_word' id='word_1_75' title='bbox 1662 846 1773 887; x_wconf 86' lang='lat' dir='ltr'>infra</span> <span class='ocrx_word' id='word_1_76' title='bbox 1793 846 1899 887; x_wconf 93' lang='lat' dir='ltr'>duos</span> <span class='ocrx_word' id='word_1_77' title='bbox 1921 860 2052 886; x_wconf 88' lang='lat' dir='ltr'>annos</span> 
     </span>
     <span class='ocr_line' id='line_1_20' title="bbox 511 914 2053 960; baseline -0.003 -1"><span class='ocrx_word' id='word_1_78' title='bbox 511 919 630 960; x_wconf 88' lang='lat' dir='ltr'>dedit</span> <span class='ocrx_word' id='word_1_79' title='bbox 653 918 705 959; x_wconf 90' lang='lat' dir='ltr'>ad</span> <span class='ocrx_word' id='word_1_80' title='bbox 731 919 933 960; x_wconf 80' lang='lat' dir='ltr'>fabricam</span> <span class='ocrx_word' id='word_1_81' title='bbox 956 919 1077 960; x_wconf 81' lang='lat' dir='ltr'>navis</span> <span class='ocrx_word' id='word_1_82' title='bbox 1099 917 1301 959; x_wconf 86' lang='lat' dir='ltr'>ecclesiae</span> <span class='ocrx_word' id='word_1_83' title='bbox 1317 915 1790 958; x_wconf 86' lang='lat' dir='ltr'>Westmonasteriensis</span> <span class='ocrx_word' id='word_1_84' title='bbox 1810 930 1903 956; x_wconf 91' lang='lat' dir='ltr'>cccc</span> <span class='ocrx_word' id='word_1_85' title='bbox 1924 914 2053 955; x_wconf 89' lang='lat' dir='ltr'>libras</span> 
     </span>
     <span class='ocr_line' id='line_1_21' title="bbox 511 984 2052 1043; baseline -0.003 -15"><span class='ocrx_word' id='word_1_86' title='bbox 511 988 827 1043; x_wconf 69' lang='lat' dir='ltr'>sterlingorum,</span> <span class='ocrx_word' id='word_1_87' title='bbox 844 987 919 1028; x_wconf 89' lang='lat' dir='ltr'>ubi</span> <span class='ocrx_word' id='word_1_88' title='bbox 941 987 1127 1028; x_wconf 83' lang='lat' dir='ltr'>Thomas</span> <span class='ocrx_word' id='word_1_89' title='bbox 1147 986 1356 1042; x_wconf 86' lang='lat' dir='ltr'>praedicti</span> <span class='ocrx_word' id='word_1_90' title='bbox 1375 985 1575 1042; x_wconf 82' lang='lat' dir='ltr'>Symonis</span> <span class='ocrx_word' id='word_1_91' title='bbox 1592 991 1715 1041; x_wconf 87' lang='lat' dir='ltr'>pater</span> <span class='ocrx_word' id='word_1_92' title='bbox 1732 984 1927 1040; x_wconf 87' lang='lat' dir='ltr'>sepultus</span> <span class='ocrx_word' id='word_1_93' title='bbox 1945 988 2052 1024; x_wconf 85' lang='lat' dir='ltr'>erat:</span> 
     </span>
     <span class='ocr_line' id='line_1_22' title="bbox 512 1053 2051 1112; baseline -0.003 -15"><span class='ocrx_word' id='word_1_94' title='bbox 512 1057 711 1098; x_wconf 88' lang='lat' dir='ltr'>videlicet</span> <span class='ocrx_word' id='word_1_95' title='bbox 734 1057 928 1112; x_wconf 90' lang='lat' dir='ltr'>quolibet</span> <span class='ocrx_word' id='word_1_96' title='bbox 953 1072 1064 1098; x_wconf 92' lang='lat' dir='ltr'>anno</span> <span class='ocrx_word' id='word_1_97' title='bbox 1090 1072 1159 1098; x_wconf 91' lang='lat' dir='ltr'>ccc</span> <span class='ocrx_word' id='word_1_98' title='bbox 1185 1071 1357 1097; x_wconf 86' lang='lat' dir='ltr'>marcas.</span> <span class='ocrx_word' id='word_1_99' title='bbox 1419 1055 1524 1096; x_wconf 91' lang='lat' dir='ltr'>item</span> <span class='ocrx_word' id='word_1_100' title='bbox 1554 1055 1674 1096; x_wconf 86' lang='lat' dir='ltr'>dedit</span> <span class='ocrx_word' id='word_1_101' title='bbox 1702 1053 1904 1095; x_wconf 90' lang='lat' dir='ltr'>ecclesiae</span> <span class='ocrx_word' id='word_1_102' title='bbox 1931 1067 2051 1108; x_wconf 87' lang='lat' dir='ltr'>prae-</span> 
     </span>
     <span class='ocr_line' id='line_1_23' title="bbox 511 1124 2051 1170; baseline -0.004 0"><span class='ocrx_word' id='word_1_103' title='bbox 511 1128 651 1169; x_wconf 86' lang='lat' dir='ltr'>dictae</span> <span class='ocrx_word' id='word_1_104' title='bbox 675 1128 803 1169; x_wconf 85' lang='lat' dir='ltr'>libros</span> <span class='ocrx_word' id='word_1_105' title='bbox 831 1129 991 1170; x_wconf 89' lang='lat' dir='ltr'>multos</span> <span class='ocrx_word' id='word_1_106' title='bbox 1019 1129 1073 1170; x_wconf 89' lang='lat' dir='ltr'>ad</span> <span class='ocrx_word' id='word_1_107' title='bbox 1100 1129 1285 1169; x_wconf 85' lang='lat' dir='ltr'>valorem</span> <span class='ocrx_word' id='word_1_108' title='bbox 1311 1127 1497 1168; x_wconf 81' lang='lat' dir='ltr'>dcccxxx</span> <span class='ocrx_word' id='word_1_109' title='bbox 1518 1127 1723 1167; x_wconf 88' lang='lat' dir='ltr'>librarum</span> <span class='ocrx_word' id='word_1_110' title='bbox 1746 1142 1800 1166; x_wconf 85' lang='lat' dir='ltr'>xv</span> <span class='ocrx_word' id='word_1_111' title='bbox 1821 1124 2051 1166; x_wconf 86' lang='lat' dir='ltr'>solidorum</span> 
     </span>
     <span class='ocr_line' id='line_1_24' title="bbox 514 1193 2052 1254; baseline -0.003 -15"><span class='ocrx_word' id='word_1_112' title='bbox 514 1215 538 1239; x_wconf 83' lang='lat' dir='ltr'>x</span> <span class='ocrx_word' id='word_1_113' title='bbox 570 1199 841 1240; x_wconf 89' lang='lat' dir='ltr'>denariorum</span> <span class='ocrx_word' id='word_1_114' title='bbox 871 1199 923 1240; x_wconf 93' lang='lat' dir='ltr'>de</span> <span class='ocrx_word' id='word_1_115' title='bbox 955 1198 1136 1248; x_wconf 87' lang='lat' dir='ltr'>florenis,</span> <span class='ocrx_word' id='word_1_116' title='bbox 1158 1204 1208 1240; x_wconf 91' lang='lat' dir='ltr'>ut</span> <span class='ocrx_word' id='word_1_117' title='bbox 1239 1203 1361 1254; x_wconf 89' lang='lat' dir='ltr'>patet</span> <span class='ocrx_word' id='word_1_118' title='bbox 1392 1197 1437 1238; x_wconf 92' lang='lat' dir='ltr'>in</span> <span class='ocrx_word' id='word_1_119' title='bbox 1468 1196 1708 1238; x_wconf 86' lang='lat' dir='ltr'>inventario</span> <span class='ocrx_word' id='word_1_120' title='bbox 1740 1195 1885 1251; x_wconf 87' lang='lat' dir='ltr'>ipsius.</span> <span class='ocrx_word' id='word_1_121' title='bbox 1946 1193 2052 1235; x_wconf 90' lang='lat' dir='ltr'>item</span> 
     </span>
     <span class='ocr_line' id='line_1_25' title="bbox 513 1266 2052 1322; baseline -0.003 -13"><span class='ocrx_word' id='word_1_122' title='bbox 513 1268 633 1309; x_wconf 85' lang='lat' dir='ltr'>dedit</span> <span class='ocrx_word' id='word_1_123' title='bbox 656 1268 914 1309; x_wconf 89' lang='lat' dir='ltr'>vestimenta</span> <span class='ocrx_word' id='word_1_124' title='bbox 935 1268 1074 1308; x_wconf 88' lang='lat' dir='ltr'>multa</span> <span class='ocrx_word' id='word_1_125' title='bbox 1096 1273 1140 1308; x_wconf 90' lang='lat' dir='ltr'>et</span> <span class='ocrx_word' id='word_1_126' title='bbox 1165 1266 1353 1322; x_wconf 89' lang='lat' dir='ltr'>pretiosa</span> <span class='ocrx_word' id='word_1_127' title='bbox 1378 1266 1513 1316; x_wconf 87' lang='lat' dir='ltr'>valde,</span> <span class='ocrx_word' id='word_1_128' title='bbox 1535 1266 1648 1307; x_wconf 87' lang='lat' dir='ltr'>inter</span> <span class='ocrx_word' id='word_1_129' title='bbox 1672 1280 1781 1321; x_wconf 90' lang='lat' dir='ltr'>quae</span> <span class='ocrx_word' id='word_1_130' title='bbox 1804 1269 1895 1305; x_wconf 87' lang='lat' dir='ltr'>erat</span> <span class='ocrx_word' id='word_1_131' title='bbox 1918 1278 2052 1305; x_wconf 90' lang='lat' dir='ltr'>unum</span> 
     </span>
     <span class='ocr_line' id='line_1_26' title="bbox 512 1332 2052 1393; baseline -0.003 -15"><span class='ocrx_word' id='word_1_132' title='bbox 512 1337 640 1392; x_wconf 89' lang='lat' dir='ltr'>pretii</span> <span class='ocrx_word' id='word_1_133' title='bbox 663 1353 684 1378; x_wconf 94' lang='lat' dir='ltr'>c</span> <span class='ocrx_word' id='word_1_134' title='bbox 707 1353 955 1379; x_wconf 86' lang='lat' dir='ltr'>marcarum.</span> <span class='ocrx_word' id='word_1_135' title='bbox 1017 1352 1126 1393; x_wconf 90' lang='lat' dir='ltr'>quae</span> <span class='ocrx_word' id='word_1_136' title='bbox 1148 1336 1323 1392; x_wconf 88' lang='lat' dir='ltr'>quidem</span> <span class='ocrx_word' id='word_1_137' title='bbox 1346 1336 1606 1378; x_wconf 89' lang='lat' dir='ltr'>vestimenta</span> <span class='ocrx_word' id='word_1_138' title='bbox 1622 1333 1979 1390; x_wconf 81' lang='lat' dir='ltr'>appretiabantur</span> <span class='ocrx_word' id='word_1_139' title='bbox 1999 1332 2052 1373; x_wconf 89' lang='lat' dir='ltr'>ad</span> 
     </span>
     <span class='ocr_line' id='line_1_27' title="bbox 512 1404 2053 1458; baseline -0.003 -10"><span class='ocrx_word' id='word_1_140' title='bbox 512 1407 752 1448; x_wconf 85' lang='lat' dir='ltr'>ccccxxxvii</span> <span class='ocrx_word' id='word_1_141' title='bbox 789 1408 918 1449; x_wconf 86' lang='lat' dir='ltr'>libras</span> <span class='ocrx_word' id='word_1_142' title='bbox 954 1407 999 1448; x_wconf 91' lang='lat' dir='ltr'>iii</span> <span class='ocrx_word' id='word_1_143' title='bbox 1042 1407 1197 1449; x_wconf 87' lang='lat' dir='ltr'>solidos</span> <span class='ocrx_word' id='word_1_144' title='bbox 1230 1407 1272 1447; x_wconf 85' lang='lat' dir='ltr'>iv</span> <span class='ocrx_word' id='word_1_145' title='bbox 1309 1406 1504 1448; x_wconf 84' lang='lat' dir='ltr'>denarios</span> <span class='ocrx_word' id='word_1_146' title='bbox 1545 1406 1597 1447; x_wconf 91' lang='lat' dir='ltr'>de</span> <span class='ocrx_word' id='word_1_147' title='bbox 1634 1404 1815 1453; x_wconf 84' lang='lat' dir='ltr'>florenis⁷</span> <span class='ocrx_word' id='word_1_148' title='bbox 1849 1409 1898 1444; x_wconf 90' lang='lat' dir='ltr'>ut</span> <span class='ocrx_word' id='word_1_149' title='bbox 1930 1407 2053 1458; x_wconf 88' lang='lat' dir='ltr'>patet</span> 
     </span>
     <span class='ocr_line' id='line_1_28' title="bbox 513 1472 2053 1533; baseline -0.003 -17"><span class='ocrx_word' id='word_1_150' title='bbox 513 1475 685 1517; x_wconf 87' lang='lat' dir='ltr'>ibidem.</span> <span class='ocrx_word' id='word_1_151' title='bbox 749 1476 854 1518; x_wconf 89' lang='lat' dir='ltr'>item</span> <span class='ocrx_word' id='word_1_152' title='bbox 892 1477 1053 1533; x_wconf 89' lang='lat' dir='ltr'>legavit</span> <span class='ocrx_word' id='word_1_153' title='bbox 1096 1492 1193 1518; x_wconf 80' lang='lat' dir='ltr'>vasa</span> <span class='ocrx_word' id='word_1_154' title='bbox 1235 1482 1441 1532; x_wconf 85' lang='lat' dir='ltr'>argentea</span> <span class='ocrx_word' id='word_1_155' title='bbox 1475 1481 1519 1517; x_wconf 93' lang='lat' dir='ltr'>et</span> <span class='ocrx_word' id='word_1_156' title='bbox 1554 1476 1772 1523; x_wconf 87' lang='lat' dir='ltr'>deaurata,</span> <span class='ocrx_word' id='word_1_157' title='bbox 1808 1489 1859 1514; x_wconf 84' lang='lat' dir='ltr'>ex</span> <span class='ocrx_word' id='word_1_158' title='bbox 1896 1472 2053 1528; x_wconf 87' lang='lat' dir='ltr'>quibus</span> 
     </span>
     <span class='ocr_line' id='line_1_29' title="bbox 512 1541 2053 1601; baseline -0.003 -15"><span class='ocrx_word' id='word_1_159' title='bbox 512 1546 722 1601; x_wconf 86' lang='lat' dir='ltr'>quaedam</span> <span class='ocrx_word' id='word_1_160' title='bbox 756 1553 878 1588; x_wconf 91' lang='lat' dir='ltr'>erant</span> <span class='ocrx_word' id='word_1_161' title='bbox 916 1547 1092 1589; x_wconf 89' lang='lat' dir='ltr'>vendita</span> <span class='ocrx_word' id='word_1_162' title='bbox 1124 1546 1303 1587; x_wconf 90' lang='lat' dir='ltr'>diversis</span> <span class='ocrx_word' id='word_1_163' title='bbox 1340 1545 1658 1594; x_wconf 80' lang='lat' dir='ltr'>mercatoribus,</span> <span class='ocrx_word' id='word_1_164' title='bbox 1684 1550 1727 1585; x_wconf 93' lang='lat' dir='ltr'>et</span> <span class='ocrx_word' id='word_1_165' title='bbox 1761 1542 1970 1599; x_wconf 85' lang='lat' dir='ltr'>quaedam</span> <span class='ocrx_word' id='word_1_166' title='bbox 2008 1541 2053 1582; x_wconf 90' lang='lat' dir='ltr'>in</span> 
     </span>
     <span class='ocr_line' id='line_1_30' title="bbox 513 1611 2053 1671; baseline -0.002 -17"><span class='ocrx_word' id='word_1_167' title='bbox 513 1615 617 1655; x_wconf 86' lang='lat' dir='ltr'>mari</span> <span class='ocrx_word' id='word_1_168' title='bbox 640 1614 820 1670; x_wconf 89' lang='lat' dir='ltr'>perdita,</span> <span class='ocrx_word' id='word_1_169' title='bbox 843 1621 886 1656; x_wconf 90' lang='lat' dir='ltr'>et</span> <span class='ocrx_word' id='word_1_170' title='bbox 913 1615 1123 1671; x_wconf 88' lang='lat' dir='ltr'>quaedam</span> <span class='ocrx_word' id='word_1_171' title='bbox 1156 1615 1209 1656; x_wconf 89' lang='lat' dir='ltr'>ad</span> <span class='ocrx_word' id='word_1_172' title='bbox 1239 1615 1548 1656; x_wconf 91' lang='lat' dir='ltr'>monasterium</span> <span class='ocrx_word' id='word_1_173' title='bbox 1578 1614 1815 1669; x_wconf 84' lang='lat' dir='ltr'>deportata,</span> <span class='ocrx_word' id='word_1_174' title='bbox 1843 1611 1897 1652; x_wconf 85' lang='lat' dir='ltr'>ad</span> <span class='ocrx_word' id='word_1_175' title='bbox 1918 1611 2053 1652; x_wconf 82' lang='lat' dir='ltr'>valor-</span> 
     </span>
     <span class='ocr_line' id='line_1_31' title="bbox 512 1680 2054 1725; baseline -0.002 -2"><span class='ocrx_word' id='word_1_176' title='bbox 512 1699 579 1724; x_wconf 90' lang='lat' dir='ltr'>em</span> <span class='ocrx_word' id='word_1_177' title='bbox 610 1684 804 1725; x_wconf 86' lang='lat' dir='ltr'>mmdcxc</span> <span class='ocrx_word' id='word_1_178' title='bbox 833 1684 1037 1725; x_wconf 85' lang='lat' dir='ltr'>librarum</span> <span class='ocrx_word' id='word_1_179' title='bbox 1063 1684 1103 1725; x_wconf 88' lang='lat' dir='ltr'>vi</span> <span class='ocrx_word' id='word_1_180' title='bbox 1130 1684 1361 1725; x_wconf 87' lang='lat' dir='ltr'>solidorum</span> <span class='ocrx_word' id='word_1_181' title='bbox 1393 1683 1464 1724; x_wconf 87' lang='lat' dir='ltr'>viii</span> <span class='ocrx_word' id='word_1_182' title='bbox 1498 1682 1770 1724; x_wconf 85' lang='lat' dir='ltr'>denariorum</span> <span class='ocrx_word' id='word_1_183' title='bbox 1799 1680 1851 1721; x_wconf 91' lang='lat' dir='ltr'>de</span> <span class='ocrx_word' id='word_1_184' title='bbox 1881 1685 2054 1721; x_wconf 90' lang='lat' dir='ltr'>moneta</span> 
     </span>
     <span class='ocr_line' id='line_1_32' title="bbox 512 1750 2053 1809; baseline -0.003 -17"><span class='ocrx_word' id='word_1_185' title='bbox 512 1753 778 1794; x_wconf 87' lang='lat' dir='ltr'>florenorum.</span> <span class='ocrx_word' id='word_1_186' title='bbox 839 1752 945 1794; x_wconf 88' lang='lat' dir='ltr'>item</span> <span class='ocrx_word' id='word_1_187' title='bbox 975 1753 1137 1809; x_wconf 90' lang='lat' dir='ltr'>legavit</span> <span class='ocrx_word' id='word_1_188' title='bbox 1168 1752 1359 1808; x_wconf 85' lang='lat' dir='ltr'>sigillum</span> <span class='ocrx_word' id='word_1_189' title='bbox 1386 1767 1512 1793; x_wconf 88' lang='lat' dir='ltr'>suum</span> <span class='ocrx_word' id='word_1_190' title='bbox 1543 1756 1587 1792; x_wconf 93' lang='lat' dir='ltr'>et</span> <span class='ocrx_word' id='word_1_191' title='bbox 1615 1750 1826 1806; x_wconf 89' lang='lat' dir='ltr'>capellum</span> <span class='ocrx_word' id='word_1_192' title='bbox 1856 1763 1982 1789; x_wconf 90' lang='lat' dir='ltr'>suum</span> <span class='ocrx_word' id='word_1_193' title='bbox 2009 1754 2053 1789; x_wconf 92' lang='lat' dir='ltr'>et</span> 
     </span>
     <span class='ocr_line' id='line_1_33' title="bbox 513 1819 2051 1879; baseline -0.003 -16"><span class='ocrx_word' id='word_1_194' title='bbox 513 1823 767 1864; x_wconf 89' lang='lat' dir='ltr'>mantellum</span> <span class='ocrx_word' id='word_1_195' title='bbox 809 1839 907 1864; x_wconf 84' lang='lat' dir='ltr'>cuin</span> <span class='ocrx_word' id='word_1_196' title='bbox 944 1823 1033 1864; x_wconf 89' lang='lat' dir='ltr'>suis</span> <span class='ocrx_word' id='word_1_197' title='bbox 1067 1822 1342 1879; x_wconf 87' lang='lat' dir='ltr'>appenditiis,</span> <span class='ocrx_word' id='word_1_198' title='bbox 1370 1823 1424 1864; x_wconf 85' lang='lat' dir='ltr'>ad</span> <span class='ocrx_word' id='word_1_199' title='bbox 1462 1823 1647 1863; x_wconf 87' lang='lat' dir='ltr'>valorem</span> <span class='ocrx_word' id='word_1_200' title='bbox 1688 1819 1793 1861; x_wconf 88' lang='lat' dir='ltr'>xxiii</span> <span class='ocrx_word' id='word_1_201' title='bbox 1835 1819 2051 1860; x_wconf 88' lang='lat' dir='ltr'>librarum.</span> 
     </span>
     <span class='ocr_line' id='line_1_34' title="bbox 512 1889 2053 1948; baseline -0.003 -15"><span class='ocrx_word' id='word_1_202' title='bbox 512 1893 618 1933; x_wconf 88' lang='lat' dir='ltr'>item</span> <span class='ocrx_word' id='word_1_203' title='bbox 640 1892 801 1948; x_wconf 87' lang='lat' dir='ltr'>legavit</span> <span class='ocrx_word' id='word_1_204' title='bbox 819 1892 958 1934; x_wconf 90' lang='lat' dir='ltr'>eidem</span> <span class='ocrx_word' id='word_1_205' title='bbox 976 1893 1177 1934; x_wconf 88' lang='lat' dir='ltr'>ecclesiae</span> <span class='ocrx_word' id='word_1_206' title='bbox 1195 1892 1338 1933; x_wconf 86' lang='lat' dir='ltr'>omnia</span> <span class='ocrx_word' id='word_1_207' title='bbox 1358 1891 1506 1933; x_wconf 89' lang='lat' dir='ltr'>debita</span> <span class='ocrx_word' id='word_1_208' title='bbox 1527 1906 1636 1946; x_wconf 85' lang='lat' dir='ltr'>quae</span> <span class='ocrx_word' id='word_1_209' title='bbox 1658 1889 1697 1931; x_wconf 93' lang='lat' dir='ltr'>ei</span> <span class='ocrx_word' id='word_1_210' title='bbox 1719 1889 1989 1930; x_wconf 87' lang='lat' dir='ltr'>debebantur</span> <span class='ocrx_word' id='word_1_211' title='bbox 2009 1894 2053 1930; x_wconf 90' lang='lat' dir='ltr'>et</span> 
     </span>
     <span class='ocr_line' id='line_1_35' title="bbox 512 1957 2055 2015; baseline -0.003 -13"><span class='ocrx_word' id='word_1_212' title='bbox 512 1962 793 2003; x_wconf 85' lang='lat' dir='ltr'>remanebant</span> <span class='ocrx_word' id='word_1_213' title='bbox 821 1962 865 2002; x_wconf 92' lang='lat' dir='ltr'>in</span> <span class='ocrx_word' id='word_1_214' title='bbox 894 1962 1093 2003; x_wconf 89' lang='lat' dir='ltr'>manibus</span> <span class='ocrx_word' id='word_1_215' title='bbox 1121 1961 1368 2003; x_wconf 86' lang='lat' dir='ltr'>debitorum</span> <span class='ocrx_word' id='word_1_216' title='bbox 1396 1975 1582 2009; x_wconf 87' lang='lat' dir='ltr'>suorum,</span> <span class='ocrx_word' id='word_1_217' title='bbox 1604 1974 1713 2015; x_wconf 88' lang='lat' dir='ltr'>quae</span> <span class='ocrx_word' id='word_1_218' title='bbox 1742 1973 1786 2000; x_wconf 91' lang='lat' dir='ltr'>se</span> <span class='ocrx_word' id='word_1_219' title='bbox 1813 1957 2055 1999; x_wconf 89' lang='lat' dir='ltr'>extendunt</span> 
     </span>
     <span class='ocr_line' id='line_1_36' title="bbox 513 2026 2054 2072; baseline -0.003 -1"><span class='ocrx_word' id='word_1_220' title='bbox 513 2031 566 2071; x_wconf 90' lang='lat' dir='ltr'>ad</span> <span class='ocrx_word' id='word_1_221' title='bbox 595 2046 807 2072; x_wconf 85' lang='lat' dir='ltr'>summam</span> <span class='ocrx_word' id='word_1_222' title='bbox 834 2031 1099 2072; x_wconf 88' lang='lat' dir='ltr'>mmmcmliv</span> <span class='ocrx_word' id='word_1_223' title='bbox 1125 2029 1332 2071; x_wconf 86' lang='lat' dir='ltr'>librarum</span> <span class='ocrx_word' id='word_1_224' title='bbox 1362 2029 1437 2070; x_wconf 88' lang='lat' dir='ltr'>xiii</span> <span class='ocrx_word' id='word_1_225' title='bbox 1465 2029 1696 2070; x_wconf 88' lang='lat' dir='ltr'>solidorum</span> <span class='ocrx_word' id='word_1_226' title='bbox 1718 2027 1760 2068; x_wconf 90' lang='lat' dir='ltr'>iv</span> <span class='ocrx_word' id='word_1_227' title='bbox 1783 2026 2054 2068; x_wconf 87' lang='lat' dir='ltr'>denariorum</span> 
     </span>
     <span class='ocr_line' id='line_1_37' title="bbox 513 2099 767 2140; baseline 0.004 -1"><span class='ocrx_word' id='word_1_228' title='bbox 513 2099 565 2140; x_wconf 90' lang='lat' dir='ltr'>de</span> <span class='ocrx_word' id='word_1_229' title='bbox 589 2099 767 2140; x_wconf 88' lang='lat' dir='ltr'>florenis.</span> 
     </span>
    </p>

    <p class='ocr_par' dir='ltr' id='par_1_10' title="bbox 514 2163 2056 2567">
     <span class='ocr_line' id='line_1_38' title="bbox 600 2163 2055 2223; baseline -0.003 -14"><span class='ocrx_word' id='word_1_230' title='bbox 600 2168 654 2208; x_wconf 88' lang='lat' dir='ltr'>In</span> <span class='ocrx_word' id='word_1_231' title='bbox 684 2168 812 2223; x_wconf 89' lang='lat' dir='ltr'>hujus</span> <span class='ocrx_word' id='word_1_232' title='bbox 840 2168 987 2223; x_wconf 87' lang='lat' dir='ltr'>itaque</span> <span class='ocrx_word' id='word_1_233' title='bbox 1014 2168 1268 2209; x_wconf 81' lang='lat' dir='ltr'>venerabilis</span> <span class='ocrx_word' id='word_1_234' title='bbox 1298 2167 1377 2208; x_wconf 88' lang='lat' dir='ltr'>viri</span> <span class='ocrx_word' id='word_1_235' title='bbox 1400 2182 1566 2208; x_wconf 87' lang='lat' dir='ltr'>recessu</span> <span class='ocrx_word' id='word_1_236' title='bbox 1589 2182 1614 2206; x_wconf 85' lang='lat' dir='ltr'>a</span> <span class='ocrx_word' id='word_1_237' title='bbox 1636 2164 1904 2214; x_wconf 66' lang='lat' dir='ltr'>monast-erio,</span> <span class='ocrx_word' id='word_1_238' title='bbox 1928 2169 1976 2205; x_wconf 86' lang='lat' dir='ltr'>ut</span> <span class='ocrx_word' id='word_1_239' title='bbox 2002 2163 2055 2204; x_wconf 92' lang='lat' dir='ltr'>de</span> 
     </span>
     <span class='ocr_line' id='line_1_39' title="bbox 515 2235 2053 2293; baseline -0.001 -16"><span class='ocrx_word' id='word_1_240' title='bbox 515 2237 703 2278; x_wconf 89' lang='lat' dir='ltr'>Martino</span> <span class='ocrx_word' id='word_1_241' title='bbox 731 2237 929 2293; x_wconf 88' lang='lat' dir='ltr'>discipuli</span> <span class='ocrx_word' id='word_1_242' title='bbox 952 2237 1247 2286; x_wconf 89' lang='lat' dir='ltr'>condolebant,</span> <span class='ocrx_word' id='word_1_243' title='bbox 1269 2252 1390 2278; x_wconf 91' lang='lat' dir='ltr'>senes</span> <span class='ocrx_word' id='word_1_244' title='bbox 1419 2243 1463 2277; x_wconf 92' lang='lat' dir='ltr'>et</span> <span class='ocrx_word' id='word_1_245' title='bbox 1485 2236 1669 2291; x_wconf 85' lang='lat' dir='ltr'>juvenes</span> <span class='ocrx_word' id='word_1_246' title='bbox 1698 2235 1860 2276; x_wconf 89' lang='lat' dir='ltr'>flebant</span> <span class='ocrx_word' id='word_1_247' title='bbox 1888 2249 2053 2276; x_wconf 87' lang='lat' dir='ltr'>omnes-</span> 
     </span>
     <span class='ocr_line' id='line_1_40' title="bbox 515 2303 2055 2362; baseline -0.002 -15"><span class='ocrx_word' id='word_1_248' title='bbox 515 2322 598 2362; x_wconf 88' lang='lat' dir='ltr'>que</span> <span class='ocrx_word' id='word_1_249' title='bbox 621 2307 781 2362; x_wconf 87' lang='lat' dir='ltr'>pariter</span> <span class='ocrx_word' id='word_1_250' title='bbox 803 2307 1134 2362; x_wconf 84' lang='lat' dir='ltr'>ingemiscentes</span> <span class='ocrx_word' id='word_1_251' title='bbox 1155 2306 1368 2355; x_wconf 87' lang='lat' dir='ltr'>dicebant,</span> <span class='ocrx_word' id='word_1_252' title='bbox 1392 2305 1481 2348; x_wconf 83' lang='lat' dir='ltr'>Cur</span> <span class='ocrx_word' id='word_1_253' title='bbox 1507 2320 1593 2354; x_wconf 90' lang='lat' dir='ltr'>nos,</span> <span class='ocrx_word' id='word_1_254' title='bbox 1607 2312 1741 2360; x_wconf 88' lang='lat' dir='ltr'>pater,</span> <span class='ocrx_word' id='word_1_255' title='bbox 1757 2303 1947 2345; x_wconf 70' lang='lat' dir='ltr'>deseris?</span> <span class='ocrx_word' id='word_1_256' title='bbox 1978 2309 2055 2345; x_wconf 91' lang='lat' dir='ltr'>aut</span> 
     </span>
     <span class='ocr_line' id='line_1_41' title="bbox 515 2372 2054 2430; baseline -0.002 -15"><span class='ocrx_word' id='word_1_257' title='bbox 515 2390 590 2416; x_wconf 87' lang='lat' dir='ltr'>cur</span> <span class='ocrx_word' id='word_1_258' title='bbox 611 2390 685 2416; x_wconf 92' lang='lat' dir='ltr'>nos</span> <span class='ocrx_word' id='word_1_259' title='bbox 707 2375 918 2416; x_wconf 87' lang='lat' dir='ltr'>desolatos</span> <span class='ocrx_word' id='word_1_260' title='bbox 939 2375 1147 2430; x_wconf 90' lang='lat' dir='ltr'>relinquis</span> <span class='ocrx_word' id='word_1_261' title='bbox 1167 2379 1180 2417; x_wconf 71' lang='grc' dir='ltr'><em>ἲ</em></span> <span class='ocrx_word' id='word_1_262' title='bbox 1242 2374 1448 2416; x_wconf 87' lang='lat' dir='ltr'>invadent</span> <span class='ocrx_word' id='word_1_263' title='bbox 1474 2373 1588 2415; x_wconf 86' lang='lat' dir='ltr'>enim</span> <span class='ocrx_word' id='word_1_264' title='bbox 1617 2387 1792 2429; x_wconf 84' lang='lat' dir='ltr'>gregem</span> <span class='ocrx_word' id='word_1_265' title='bbox 1815 2378 1940 2413; x_wconf 89' lang='lat' dir='ltr'>tuum</span> <span class='ocrx_word' id='word_1_266' title='bbox 1963 2372 2054 2428; x_wconf 88' lang='lat' dir='ltr'>lupi</span> 
     </span>
     <span class='ocr_line' id='line_1_42' title="bbox 515 2440 2056 2500; baseline -0.002 -16"><span class='ocrx_word' id='word_1_267' title='bbox 515 2459 696 2500; x_wconf 88' lang='lat' dir='ltr'>rapaces.</span> <span class='ocrx_word' id='word_1_268' title='bbox 760 2444 796 2486; x_wconf 93' lang='lat' dir='ltr'>O</span> <span class='ocrx_word' id='word_1_269' title='bbox 828 2444 965 2485; x_wconf 87' lang='lat' dir='ltr'>virum</span> <span class='ocrx_word' id='word_1_270' title='bbox 995 2444 1201 2485; x_wconf 86' lang='lat' dir='ltr'>dilectum</span> <span class='ocrx_word' id='word_1_271' title='bbox 1234 2449 1278 2484; x_wconf 91' lang='lat' dir='ltr'>et</span> <span class='ocrx_word' id='word_1_272' title='bbox 1308 2442 1461 2484; x_wconf 90' lang='lat' dir='ltr'>merito</span> <span class='ocrx_word' id='word_1_273' title='bbox 1491 2441 1781 2497; x_wconf 81' lang='lat' dir='ltr'>deligendum,</span> <span class='ocrx_word' id='word_1_274' title='bbox 1803 2440 1941 2496; x_wconf 84' lang='lat' dir='ltr'>quiin</span> <span class='ocrx_word' id='word_1_275' title='bbox 1966 2440 2056 2482; x_wconf 85' lang='lat' dir='ltr'>vita</span> 
     </span>
     <span class='ocr_line' id='line_1_43' title="bbox 514 2513 1761 2567; baseline -0.002 -13"><span class='ocrx_word' id='word_1_276' title='bbox 514 2528 590 2554; x_wconf 86' lang='lat' dir='ltr'>sua</span> <span class='ocrx_word' id='word_1_277' title='bbox 611 2513 902 2555; x_wconf 85' lang='lat' dir='ltr'>abundantius</span> <span class='ocrx_word' id='word_1_278' title='bbox 924 2513 1046 2554; x_wconf 88' lang='lat' dir='ltr'>nobis</span> <span class='ocrx_word' id='word_1_279' title='bbox 1067 2513 1187 2554; x_wconf 89' lang='lat' dir='ltr'>dedit</span> <span class='ocrx_word' id='word_1_280' title='bbox 1209 2528 1297 2562; x_wconf 83' lang='lat' dir='ltr'>sua,</span> <span class='ocrx_word' id='word_1_281' title='bbox 1319 2519 1363 2553; x_wconf 91' lang='lat' dir='ltr'>et</span> <span class='ocrx_word' id='word_1_282' title='bbox 1384 2517 1482 2567; x_wconf 86' lang='lat' dir='ltr'>post</span> <span class='ocrx_word' id='word_1_283' title='bbox 1502 2516 1684 2552; x_wconf 89' lang='lat' dir='ltr'>mortem</span> <span class='ocrx_word' id='word_1_284' title='bbox 1707 2525 1761 2552; x_wconf 91' lang='lat' dir='ltr'>se.</span> 
     </span>
    </p>

    <p class='ocr_par' dir='ltr' id='par_1_11' title="bbox 513 2579 2054 2914">
     <span class='ocr_line' id='line_1_44' title="bbox 602 2579 2054 2638; baseline -0.003 -14"><span class='ocrx_word' id='word_1_285' title='bbox 602 2581 724 2624; x_wconf 90' lang='lat' dir='ltr'>Obiit</span> <span class='ocrx_word' id='word_1_286' title='bbox 761 2589 908 2624; x_wconf 87' lang='lat' dir='ltr'>autem</span> <span class='ocrx_word' id='word_1_287' title='bbox 946 2582 990 2623; x_wconf 91' lang='lat' dir='ltr'>in</span> <span class='ocrx_word' id='word_1_288' title='bbox 1027 2581 1176 2638; x_wconf 88' lang='lat' dir='ltr'>vigilia</span> <span class='ocrx_word' id='word_1_289' title='bbox 1212 2587 1384 2622; x_wconf 90' lang='lat' dir='ltr'>sanctae</span> <span class='ocrx_word' id='word_1_290' title='bbox 1426 2580 1584 2621; x_wconf 86' lang='lat' dir='ltr'>Mariae</span> <span class='ocrx_word' id='word_1_291' title='bbox 1622 2579 1903 2636; x_wconf 85' lang='lat' dir='ltr'>Magdalenae</span> <span class='ocrx_word' id='word_1_292' title='bbox 1939 2579 2054 2635; x_wconf 89' lang='lat' dir='ltr'>apud</span> 
     </span>
     <span class='ocr_line' id='line_1_45' title="bbox 514 2649 2054 2705; baseline -0.001 -13"><span class='ocrx_word' id='word_1_293' title='bbox 514 2651 788 2701; x_wconf 79' lang='lat' dir='ltr'>Avinionam,</span> <span class='ocrx_word' id='word_1_294' title='bbox 816 2658 860 2693; x_wconf 92' lang='lat' dir='ltr'>et</span> <span class='ocrx_word' id='word_1_295' title='bbox 892 2652 1053 2693; x_wconf 89' lang='lat' dir='ltr'>ibidem</span> <span class='ocrx_word' id='word_1_296' title='bbox 1084 2652 1129 2692; x_wconf 91' lang='lat' dir='ltr'>in</span> <span class='ocrx_word' id='word_1_297' title='bbox 1160 2651 1284 2692; x_wconf 89' lang='lat' dir='ltr'>domo</span> <span class='ocrx_word' id='word_1_298' title='bbox 1317 2650 1585 2693; x_wconf 81' lang='lat' dir='ltr'>Cartusiensi</span> <span class='ocrx_word' id='word_1_299' title='bbox 1618 2665 1748 2705; x_wconf 86' lang='lat' dir='ltr'>quam</span> <span class='ocrx_word' id='word_1_300' title='bbox 1780 2649 1870 2705; x_wconf 90' lang='lat' dir='ltr'>ipse</span> <span class='ocrx_word' id='word_1_301' title='bbox 1903 2649 2054 2690; x_wconf 90' lang='lat' dir='ltr'>funda-</span> 
     </span>
     <span class='ocr_line' id='line_1_46' title="bbox 515 2719 2053 2777; baseline -0.001 -16"><span class='ocrx_word' id='word_1_302' title='bbox 515 2728 634 2762; x_wconf 86' lang='lat' dir='ltr'>verat</span> <span class='ocrx_word' id='word_1_303' title='bbox 666 2722 719 2762; x_wconf 88' lang='lat' dir='ltr'>ad</span> <span class='ocrx_word' id='word_1_304' title='bbox 751 2730 923 2777; x_wconf 88' lang='lat' dir='ltr'>tempus</span> <span class='ocrx_word' id='word_1_305' title='bbox 954 2721 1150 2777; x_wconf 88' lang='lat' dir='ltr'>sepultus</span> <span class='ocrx_word' id='word_1_306' title='bbox 1182 2727 1281 2762; x_wconf 87' lang='lat' dir='ltr'>erat.</span> <span class='ocrx_word' id='word_1_307' title='bbox 1336 2721 1407 2762; x_wconf 89' lang='lat' dir='ltr'>sed</span> <span class='ocrx_word' id='word_1_308' title='bbox 1441 2720 1713 2776; x_wconf 87' lang='lat' dir='ltr'>postmodum</span> <span class='ocrx_word' id='word_1_309' title='bbox 1746 2719 1800 2760; x_wconf 89' lang='lat' dir='ltr'>ad</span> <span class='ocrx_word' id='word_1_310' title='bbox 1832 2719 2053 2761; x_wconf 89' lang='lat' dir='ltr'>ecclesiam</span> 
     </span>
     <span class='ocr_line' id='line_1_47' title="bbox 518 2788 2054 2846; baseline -0.001 -15"><span class='ocrx_word' id='word_1_311' title='bbox 518 2790 889 2831; x_wconf 86' lang='lat' dir='ltr'>Westmonasterii</span> <span class='ocrx_word' id='word_1_312' title='bbox 921 2791 1014 2846; x_wconf 86' lang='lat' dir='ltr'>ejus</span> <span class='ocrx_word' id='word_1_313' title='bbox 1046 2805 1139 2831; x_wconf 90' lang='lat' dir='ltr'>ossa</span> <span class='ocrx_word' id='word_1_314' title='bbox 1164 2795 1266 2830; x_wconf 86' lang='lat' dir='ltr'>sunt</span> <span class='ocrx_word' id='word_1_315' title='bbox 1294 2789 1449 2839; x_wconf 89' lang='lat' dir='ltr'>delata,</span> <span class='ocrx_word' id='word_1_316' title='bbox 1481 2796 1524 2830; x_wconf 92' lang='lat' dir='ltr'>et</span> <span class='ocrx_word' id='word_1_317' title='bbox 1556 2788 1717 2829; x_wconf 88' lang='lat' dir='ltr'>ibidem</span> <span class='ocrx_word' id='word_1_318' title='bbox 1746 2788 1791 2829; x_wconf 91' lang='lat' dir='ltr'>in</span> <span class='ocrx_word' id='word_1_319' title='bbox 1822 2788 1975 2829; x_wconf 89' lang='lat' dir='ltr'>tumba</span> <span class='ocrx_word' id='word_1_320' title='bbox 2003 2803 2054 2830; x_wconf 88' lang='lat' dir='ltr'>ex</span> 
     </span>
     <span class='ocr_line' id='line_1_48' title="bbox 513 2857 2053 2914; baseline -0.001 -14"><span class='ocrx_word' id='word_1_321' title='bbox 513 2859 727 2900; x_wconf 86' lang='lat' dir='ltr'>alabastro</span> <span class='ocrx_word' id='word_1_322' title='bbox 768 2859 969 2900; x_wconf 87' lang='lat' dir='ltr'>decenter</span> <span class='ocrx_word' id='word_1_323' title='bbox 1016 2866 1166 2900; x_wconf 90' lang='lat' dir='ltr'>ornata</span> <span class='ocrx_word' id='word_1_324' title='bbox 1217 2858 1445 2900; x_wconf 86' lang='lat' dir='ltr'>honorifice</span> <span class='ocrx_word' id='word_1_325' title='bbox 1487 2864 1588 2899; x_wconf 91' lang='lat' dir='ltr'>sunt</span> <span class='ocrx_word' id='word_1_326' title='bbox 1629 2858 1809 2914; x_wconf 87' lang='lat' dir='ltr'>sepulta,</span> <span class='ocrx_word' id='word_1_327' title='bbox 1846 2857 1891 2898; x_wconf 89' lang='lat' dir='ltr'>in</span> <span class='ocrx_word' id='word_1_328' title='bbox 1931 2864 2053 2913; x_wconf 86' lang='lat' dir='ltr'>parte</span> 
     </span>
    </p>
   </div>
   <div class='ocr_carea' id='block_1_8' title="bbox 2079 1206 2115 1227">
    <p class='ocr_par' dir='ltr' id='par_1_12' title="bbox 2079 1206 2115 1227">
     <span class='ocr_line' id='line_1_49' title="bbox 2079 1206 2115 1227; baseline 0.028 -1"><span class='ocrx_word' id='word_1_329' title='bbox 2079 1206 2115 1227; x_wconf 89' lang='lat'>10</span> 
     </span>
    </p>
   </div>
   <div class='ocr_carea' id='block_1_9' title="bbox 2075 1906 2115 1927">
    <p class='ocr_par' dir='ltr' id='par_1_13' title="bbox 2075 1906 2115 1927">
     <span class='ocr_line' id='line_1_50' title="bbox 2075 1906 2115 1927; baseline 0 0"><span class='ocrx_word' id='word_1_330' title='bbox 2075 1906 2115 1927; x_wconf 76' lang='lat'>20</span> 
     </span>
    </p>
   </div>
   <div class='ocr_carea' id='block_1_10' title="bbox 2074 2253 2113 2282">
    <p class='ocr_par' dir='ltr' id='par_1_14' title="bbox 2074 2253 2113 2282">
     <span class='ocr_line' id='line_1_51' title="bbox 2074 2253 2113 2282; baseline 0 0"><span class='ocrx_word' id='word_1_331' title='bbox 2074 2253 2113 2282; x_wconf 74' lang='lat'>25</span> 
     </span>
    </p>
   </div>
   <div class='ocr_carea' id='block_1_11' title="bbox 2075 2598 2114 2629">
    <p class='ocr_par' dir='ltr' id='par_1_15' title="bbox 2075 2598 2114 2629">
     <span class='ocr_line' id='line_1_52' title="bbox 2075 2598 2114 2629; baseline 0 -10"><span class='ocrx_word' id='word_1_332' title='bbox 2075 2598 2114 2629; x_wconf 75' lang='lat'>30</span> 
     </span>
    </p>
   </div>
   <div class='ocr_carea' id='block_1_12' title="bbox 513 2926 2111 2983">
    <p class='ocr_par' dir='ltr' id='par_1_16' title="bbox 513 2926 2111 2983">
     <span class='ocr_line' id='line_1_53' title="bbox 513 2926 2111 2983; baseline -0.001 -14"><span class='ocrx_word' id='word_1_333' title='bbox 513 2929 690 2970; x_wconf 86' lang='lat' dir='ltr'>australi</span> <span class='ocrx_word' id='word_1_334' title='bbox 722 2928 862 2969; x_wconf 89' lang='lat' dir='ltr'>dictae</span> <span class='ocrx_word' id='word_1_335' title='bbox 894 2928 1094 2970; x_wconf 89' lang='lat' dir='ltr'>ecclesiae</span> <span class='ocrx_word' id='word_1_336' title='bbox 1120 2928 1250 2983; x_wconf 83' lang='lat' dir='ltr'>juxta</span> <span class='ocrx_word' id='word_1_337' title='bbox 1281 2928 1415 2969; x_wconf 84' lang='lat' dir='ltr'>altare</span> <span class='ocrx_word' id='word_1_338' title='bbox 1447 2927 1584 2968; x_wconf 85' lang='lat' dir='ltr'>sancti</span> <span class='ocrx_word' id='word_1_339' title='bbox 1617 2926 1842 2968; x_wconf 87' lang='lat' dir='ltr'>Benedicti</span> <span class='ocrx_word' id='word_1_340' title='bbox 1872 2927 2053 2968; x_wconf 88' lang='lat' dir='ltr'>abbatis.</span> <span class='ocrx_word' id='word_1_341' title='bbox 2073 2940 2111 2972; x_wconf 83' lang='lat'>35</span> 
     </span>
    </p>
   </div>
   <div class='ocr_carea' id='block_1_13' title="bbox 514 2998 1177 3054">
    <p class='ocr_par' dir='ltr' id='par_1_17' title="bbox 514 2998 1177 3054">
     <span class='ocr_line' id='line_1_54' title="bbox 514 2998 1177 3054; baseline 0 -15"><span class='ocrx_word' id='word_1_342' title='bbox 514 2999 636 3053; x_wconf 84' lang='lat' dir='ltr'>cujus</span> <span class='ocrx_word' id='word_1_343' title='bbox 667 2999 753 3039; x_wconf 86' lang='lat' dir='ltr'>tale</span> <span class='ocrx_word' id='word_1_344' title='bbox 785 3005 850 3039; x_wconf 90' lang='lat' dir='ltr'>est</span> <span class='ocrx_word' id='word_1_345' title='bbox 882 2998 1177 3054; x_wconf 88' lang='lat' dir='ltr'>epitaphium:</span> 
     </span>
    </p>
   </div>
   <div class='ocr_carea' id='block_1_14' title="bbox 631 3088 1794 3214">
    <p class='ocr_par' dir='ltr' id='par_1_18' title="bbox 631 3088 1794 3214">
     <span class='ocr_line' id='line_1_55' title="bbox 631 3088 1794 3148; baseline -0.003 -15"><span class='ocrx_word' id='word_1_346' title='bbox 631 3092 780 3133; x_wconf 80' lang='lat' dir='ltr'>Simon</span> <span class='ocrx_word' id='word_1_347' title='bbox 811 3092 864 3133; x_wconf 85' lang='lat' dir='ltr'>de</span> <span class='ocrx_word' id='word_1_348' title='bbox 897 3092 1133 3148; x_wconf 87' lang='lat' dir='ltr'>Langham,</span> <span class='ocrx_word' id='word_1_349' title='bbox 1164 3091 1244 3132; x_wconf 89' lang='lat' dir='ltr'>sub</span> <span class='ocrx_word' id='word_1_350' title='bbox 1275 3090 1409 3146; x_wconf 87' lang='lat' dir='ltr'>petris</span> <span class='ocrx_word' id='word_1_351' title='bbox 1441 3089 1507 3131; x_wconf 89' lang='lat' dir='ltr'>his</span> <span class='ocrx_word' id='word_1_352' title='bbox 1540 3088 1794 3137; x_wconf 86' lang='lat' dir='ltr'>tumulatus,</span> 
     </span>
     <span class='ocr_line' id='line_1_56' title="bbox 631 3157 1780 3214; baseline -0.004 -12"><span class='ocrx_word' id='word_1_353' title='bbox 631 3161 757 3202; x_wconf 83' lang='lat' dir='ltr'>istius</span> <span class='ocrx_word' id='word_1_354' title='bbox 789 3161 989 3202; x_wconf 84' lang='lat' dir='ltr'>ccclesiae</span> <span class='ocrx_word' id='word_1_355' title='bbox 1022 3160 1254 3201; x_wconf 83' lang='lat' dir='ltr'>monachus</span> <span class='ocrx_word' id='word_1_356' title='bbox 1286 3160 1437 3208; x_wconf 85' lang='lat' dir='ltr'>fuerat,</span> <span class='ocrx_word' id='word_1_357' title='bbox 1469 3158 1594 3214; x_wconf 87' lang='lat' dir='ltr'>prior,</span> <span class='ocrx_word' id='word_1_358' title='bbox 1626 3157 1780 3198; x_wconf 87' lang='lat' dir='ltr'>abbas:</span> 
     </span>
    </p>
   </div>
   <div class='ocr_carea' id='block_1_15' title="bbox 515 3287 2049 3331">
    <p class='ocr_par' dir='ltr' id='par_1_19' title="bbox 515 3287 2049 3331">
     <span class='ocr_line' id='line_1_57' title="bbox 515 3287 2049 3331; baseline -0.006 -4"><span class='ocrx_word' id='word_1_359' title='bbox 515 3299 533 3327; x_wconf 82' lang='lat'>2</span> <span class='ocrx_word' id='word_1_360' title='bbox 559 3296 762 3328; x_wconf 81' lang='lat' dir='ltr'>excellenter</span> <span class='ocrx_word' id='word_1_361' title='bbox 779 3295 830 3328; x_wconf 91' lang='lat' dir='ltr'>W.</span> <span class='ocrx_word' id='word_1_362' title='bbox 931 3296 949 3327; x_wconf 88' lang='lat'><strong><em>5</em></strong></span> <span class='ocrx_word' id='word_1_363' title='bbox 974 3305 1034 3327; x_wconf 36' lang='lat' dir='ltr'>om..</span> <span class='ocrx_word' id='word_1_364' title='bbox 1056 3293 1234 3327; x_wconf 77' lang='lat' dir='ltr'>esset-ad</span> <span class='ocrx_word' id='word_1_365' title='bbox 1250 3292 1304 3326; x_wconf 88' lang='lat' dir='ltr'>W.</span> <span class='ocrx_word' id='word_1_366' title='bbox 1403 3293 1423 3323; x_wconf 87' lang='lat'>8</span> <span class='ocrx_word' id='word_1_367' title='bbox 1448 3291 1618 3331; x_wconf 71' lang='lat' dir='ltr'>leyendum</span> <span class='ocrx_word' id='word_1_368' title='bbox 1635 3298 1682 3322; x_wconf 83' lang='lat' dir='ltr'>ce.</span> <span class='ocrx_word' id='word_1_369' title='bbox 1775 3289 1807 3328; x_wconf 86' lang='lat'>8,</span> <span class='ocrx_word' id='word_1_370' title='bbox 1827 3288 1868 3319; x_wconf 93' lang='grc'>10</span> <span class='ocrx_word' id='word_1_371' title='bbox 1891 3287 1982 3320; x_wconf 86' lang='lat' dir='ltr'>idern</span> <span class='ocrx_word' id='word_1_372' title='bbox 1998 3287 2049 3320; x_wconf 93' lang='lat' dir='ltr'>W.</span> 
     </span>
    </p>
   </div>
  </div>
 </body>
</html>
