2385 3891
924 410 1106 474 Papal
1142 409 1296 458 Buzls
1813 411 1878 455 49

346 539 564 579 Romanae
587 536 787 578 ecclesiae
809 535 1081 591 dignitatem,
1104 542 1147 575 ot
1170 548 1319 589 regum
1351 532 1626 587 antiquorum
1655 530 1879 587 privilegia

345 622 420 663 pro
461 621 563 663 pace
606 612 649 647 et
691 605 891 647 libertate
934 610 1144 659 perpetua
1185 602 1345 643 ibidem
1398 601 1579 649 indulta,
1630 599 1880 655 rapacitatis

346 677 493 718 ardore
524 676 678 718 festiva
706 675 854 716 altaris
885 674 1151 715 oblationum
1180 671 1387 713 beneficia
1415 670 1503 712 suis
1526 675 1881 726 praesumptuose

346 745 609 801 compendiis
657 743 892 799 usurpavit.
955 758 1004 784 ea
1040 748 1225 798 propter,
1266 741 1325 781 fili
1370 739 1612 788 reverende,
1655 745 1703 780 ut
1747 738 1881 780 totius

346 814 657 856 controversiae
690 813 805 854 inter
834 812 927 853 illos
957 811 1158 866 deinceps
1188 809 1393 850 radicitus
1415 814 1668 863 amputetur
1689 814 1883 857 eventus,
1905 830 1920 859 5

349 883 570 925 ecclesiam
620 883 857 938 praefatam
911 886 1117 935 tanquam
1176 884 1347 919 sanctae
1404 877 1622 918 Romanae
1681 876 1882 918 ecclesiae

346 952 574 1008 specialem
609 951 753 1000 filiam,
792 965 901 1005 quae
944 948 1063 1004 regni
1102 948 1166 989 tui
1202 952 1344 988 exstat
1380 961 1543 996 corona,
1579 946 1621 987 in
1663 962 1792 987 manu
1835 961 1884 987 ac

346 1021 611 1078 protectione
634 1025 779 1061 nostra
792 1018 1026 1075 apostolica
1040 1016 1309 1073 suscipimus,
1328 1022 1372 1057 et
1385 1016 1439 1056 ab
1457 1016 1571 1057 omni
1590 1016 1882 1057 dominatione

347 1097 436 1133 tam
479 1089 718 1146 praesentis
759 1089 946 1130 Gilberti
988 1103 1116 1144 quam
1160 1087 1252 1142 ejus
1294 1101 1584 1127 successorum
1637 1086 1883 1127 Londoniae

347 1160 640 1217 episcoporum
662 1159 930 1214 aliorumque
960 1157 1344 1199 ecclesiasticorum
1374 1156 1711 1197 saeculariumve
1733 1163 1883 1211 poten-

348 1237 442 1272 tum
475 1244 568 1270 eam
601 1228 774 1269 omnino
807 1227 1086 1276 excludimus,
1116 1233 1159 1268 et
1193 1226 1409 1267 exclusam
1442 1231 1543 1267 tuae
1575 1240 1884 1267 successorum-

347 1315 430 1356 que
459 1304 632 1340 tuorum
658 1297 916 1353 protectioni
942 1295 1266 1338 committimus.
1328 1301 1372 1336 et
1393 1294 1595 1350 quoniam
1620 1301 1720 1336 tuae
1743 1294 1885 1350 regiae

347 1368 576 1425 dignitatis
625 1373 690 1408 est
741 1367 939 1408 ecclesias
991 1367 1035 1407 in
1087 1372 1162 1407 tuo
1213 1380 1343 1420 regno
1395 1364 1654 1405 constitutas
1696 1364 1886 1420 diligere,

348 1439 549 1486 exaltare,
573 1443 617 1478 et
639 1452 709 1478 eas
731 1452 756 1476 a
779 1435 1112 1492 malignantium
1136 1434 1412 1475 infestatione
1444 1434 1677 1483 defensare,
1700 1433 1781 1475 tibi
1812 1449 1887 1489 pro

348 1508 516 1550 animae
539 1513 641 1548 tuae
664 1506 852 1547 remedio
879 1505 1158 1562 injungimus,
1182 1510 1226 1546 et
1247 1520 1323 1560 per
1348 1504 1452 1545 haec
1475 1503 1707 1559 apostolica
1729 1503 1888 1559 scripta
1935 1530 1944 1534 -

350 1579 613 1627 mandamus,
656 1582 871 1633 quatenus
913 1576 1093 1618 eandem
1146 1574 1433 1616 venerabilem
1488 1573 1724 1621 ecclesiam,
1776 1573 1889 1615 sedis

349 1647 605 1705 apostolicae
628 1646 772 1695 filiam,
802 1661 899 1687 cum
926 1645 1125 1687 omnibus
1151 1643 1428 1700 pertinentiis
1458 1649 1501 1684 et
1523 1642 1814 1699 dignitatibus
1842 1658 1890 1684 ac

350 1717 667 1760 habitatoribus
699 1716 798 1765 suis,
830 1715 1035 1772 peculiari
1067 1714 1298 1756 dilectione
1335 1713 1501 1769 diligas,
1537 1718 1748 1768 protegas,
1785 1720 1829 1754 ct
1865 1728 1890 1754 a

350 1803 577 1845 pravorum
622 1786 831 1827 morsibus
868 1791 912 1827 et
955 1785 1179 1826 vexatione
1217 1783 1431 1833 defendas,
1468 1798 1544 1824 nec
1587 1782 1625 1824 ei
1666 1782 1890 1838 quodlibet

350 1861 655 1899 nocumentum
720 1855 929 1897 violenter
988 1854 1165 1910 irrogari
1222 1852 1460 1909 permittas.
1561 1851 1712 1892 datum
1771 1850 1890 1900 Pisis,
1911 1876 1951 1896 20

352 1926 382 1967 ii
414 1924 619 1967 kalendas
652 1924 862 1975 Octobris,
894 1930 973 1966 ete.

70 2071 173 2103 From
190 2080 210 2102 a
226 2070 299 2101 bun
440 2066 539 2108 Alia
560 2065 678 2107 bulla
699 2061 941 2105 Innocentii
964 2076 1099 2117 papae
1122 2058 1310 2107 secundi,
1332 2058 1495 2099 directa
1517 2056 1721 2099 Gervasio
1743 2055 1892 2098 abbati

70 2115 288 2189 pglatfflgetent
299 2114 334 2145 H
354 2143 398 2179 et
420 2136 623 2178 fratribus
644 2132 837 2176 coenobii
859 2131 996 2174 sancti
1020 2129 1137 2171 Petri
1160 2127 1646 2170 Westmonasteriensis.

71 2201 220 2233 Gervase
658 2220 664 2226 .
1221 2215 1228 2220 .
1477 2213 1483 2219 .
1632 2212 1638 2219 .

73 2245 104 2286 (9
123 2245 200 2277 Deo.
223 2244 332 2285 1139).
441 2222 732 2268 Innocentius,
754 2233 900 2260 servus
922 2231 1140 2258 servorum
1163 2215 1244 2264 del,
1267 2220 1344 2256 etc.
1407 2221 1450 2255 et
1473 2214 1583 2254 mfra
1604 2228 1715 2254 eirca
1736 2212 1866 2253 finem
1885 2228 1892 2252 :

73 2288 124 2362 gf·
147 2288 302 2362 :lgopnes-
443 2290 622 2347 Regalia
669 2303 838 2345 quoque
886 2285 1057 2342 gloriosi
1106 2284 1218 2341 regis
1268 2283 1465 2324 Edwardi
1513 2298 1623 2338 quae
1665 2282 1779 2338 apud
1822 2297 1894 2323 vos
1915 2308 1953 2337 25

74 2341 138 2417 (gii
154 2356 272 2415 ps9i.)
357 2361 572 2402 habentur
598 2358 785 2415 insignia
815 2358 878 2398 ita
908 2357 953 2398 in
985 2355 1134 2397 eodem
1167 2353 1424 2394 monasterio
1457 2353 1621 2393 intacta
1649 2357 1693 2392 et
1725 2351 1895 2407 integra

356 2429 624 2471 decernimus
645 2427 895 2476 conservari,
918 2432 968 2467 ut
989 2425 1097 2466 nulli
1129 2425 1190 2465 fas
1219 2423 1276 2465 sit
1297 2423 1606 2478 cujuscumque
1630 2420 1789 2462 ordinis
1818 2428 1895 2462 aut

356 2500 584 2556 dignitatis
611 2515 660 2540 ea
681 2498 919 2539 distrahere
949 2495 1015 2536 vel
1039 2494 1232 2542 vendere,
1254 2499 1331 2533 aut
1360 2498 1481 2533 extra
1513 2491 1698 2532 eundem
1728 2505 1895 2531 sacrum

358 2571 496 2610 locum
513 2569 673 2623 absque
691 2566 907 2608 communi
924 2564 1115 2606 omnium
1140 2564 1320 2604 fratrum
1342 2577 1515 2603 assensu
1539 2561 1583 2601 in
1605 2560 1770 2615 aliquos
1792 2574 1895 2600 usus

358 2652 594 2693 prorogare,
616 2643 695 2678 etc.
1916 2654 1957 2683 30

77 2795 179 2826 From
193 2794 296 2826 abun
308 2794 344 2825 of
447 2773 572 2814 Bulla
593 2772 836 2814 Innocentii
858 2786 994 2827 papae
1016 2769 1146 2812 tertii.

77 2838 244 2869 Innocent
260 2837 313 2868 III
662 2858 669 2864 .
826 2858 832 2864 .
1549 2854 1555 2860 .
1646 2854 1652 2859 .
1861 2852 1867 2858 .

78 2884 113 2912 to
129 2881 232 2912 abbot
446 2860 725 2900 Innocentius
767 2872 1001 2914 episcopus,
1042 2871 1189 2898 servus
1230 2870 1448 2897 servorum
1490 2855 1570 2903 dei,
1612 2854 1769 2894 dilecto
1810 2852 1898 2893 fiho

78 2924 244 3007 [1)ῗέὲὲζὲ
360 2930 507 2971 abbati
540 2928 913 2971 Westmonasterii
942 2928 1126 2969 salutem
1159 2932 1202 2967 et
1230 2925 1508 2982 apostolicam
1540 2922 1896 2965 benedictionem.

79 3011 121 3042 30
137 3011 231 3050 April
241 2992 340 3043 '1199.
361 3005 437 3040 tua
459 2998 729 3054 potissimum
753 2998 806 3038 ad
829 2998 907 3038 hoc
929 2997 1058 3037 debet
1080 2995 1322 3037 sollicitudo
1344 2994 1579 3035 intendere.
1641 2998 1686 3033 et
1708 2992 1839 3033 infra:

81 3054 292 3137 gsifflifuiigs
448 3084 576 3126 Unde
609 3099 683 3125 nos
716 3083 899 3125 utilitati
932 3088 1033 3124 tuae
1065 3088 1108 3123 et
1141 3081 1341 3122 ecclesiae
1374 3078 1756 3125 westmonasterii,
1788 3091 1897 3133 quae
1919 3100 1957 3130 35

515 3208 534 3237 3
558 3206 665 3237 altare
682 3205 734 3236 W.
892 3205 910 3235 5
934 3203 1101 3235 radicitus
1118 3202 1278 3242 deinceps
1294 3200 1326 3232 d.
1487 3201 1505 3231 7
1531 3199 1580 3229 tui
1599 3197 1693 3237 regni
1711 3196 1761 3228 W.

668 3258 706 3287 11
733 3258 765 3288 et
782 3265 1016 3287 successorum
1036 3255 1086 3286 W.
1317 3253 1357 3284 21
1383 3252 1464 3291 etc]
1481 3261 1541 3281 om.
1559 3250 1590 3282 d.

460 3337 493 3361 R.
513 3336 545 3362 F.
1784 3319 1806 3350 4

1911 1179 1945 1200 10
