2385 3891
518 407 579 456 ’78
822 406 1007 455 Flete's
1043 407 1106 454 H
1107 406 1268 467 [story
1305 406 1371 469 of
1409 406 1757 456 Wcstminstcr

518 531 696 572 alterius
717 531 860 587 gentis
883 531 1100 572 hominem
1123 530 1198 586 qui
1220 545 1305 571 non
1322 530 1379 571 sit
1402 531 1534 572 frater
1555 537 1657 573 tuus
1679 532 1815 573 facere
1832 531 1875 572 in
1899 546 2055 587 regem.

517 600 855 641 Deuteronomio
884 599 965 641 170.
1027 599 1128 655 quia
1157 599 1192 640 si
1222 599 1266 640 in
1293 599 1479 641 subditis
1508 615 1558 641 ex
1587 600 1889 656 qualicumque
1918 600 2055 642 diver-

513 669 643 711 sitate
664 669 807 725 gravis
829 668 1035 709 dissentio
1058 668 1195 709 oritur
1216 674 1260 709 et
1282 669 1537 724 grandescit,
1559 669 1662 724 quid
1684 684 1840 725 quaeso
1863 669 2056 711 eveniret

513 738 547 779 si
569 745 700 794 caput
729 753 754 778 a
775 737 961 779 subditis
983 737 1173 778 alienum
1203 738 1322 786 foret,
1345 737 1427 778 nisi
1457 744 1507 779 ut
1536 738 1636 779 talis
1657 738 1944 779 communitas
1966 738 2055 780 sive

511 807 786 863 congregatio
815 806 937 862 quasi
968 806 1158 847 finaliter
1188 811 1472 855 evanesceret,
1502 812 1546 848 et
1575 812 1730 848 cuncta
1758 822 1835 848 sua
1864 807 2054 862 operatio
2076 823 2092 852 5

511 875 709 917 tenderet
743 875 788 916 in
821 874 1022 916 ruinam?
1094 875 1196 930 quia
1235 874 1311 916 ubi
1344 875 1489 916 nullus
1522 875 1634 925 ordo,
1668 875 1728 917 ibi
1765 875 2054 932 sempiternus

512 946 657 987 horror
690 945 920 987 inhabitat.
982 945 1066 986 Job
1108 944 1297 1000 capitulo
1334 948 1457 988 <10Ο
1474 956 1518 987 >.
1580 945 1658 986 1100
1693 945 1785 1001 jam
1825 952 1967 987 totum
2003 945 2053 987 fit

511 1030 594 1056 non
646 1021 802 1056 natura
852 1014 926 1056 sed
977 1014 1104 1070 culpa
1154 1013 1385 1063 mediante,
1426 1014 1528 1070 quia
1575 1014 1668 1070 ipsa
1708 1020 1866 1056 natura
1905 1030 2053 1056 omnes

511 1085 703 1126 homines
732 1085 932 1140 aequales
960 1099 1049 1126 esse
1077 1083 1224 1125 voluit.
1287 1084 1399 1125 unde
1427 1084 1658 1140 Gregorius
1684 1084 1728 1125 in
1760 1085 2052 1127 Pastoralibus

509 1154 698 1210 capitulo
736 1157 788 1196 18
831 1154 890 1196 sic
931 1154 1060 1195 dicit:
1103 1154 1256 1202 Homo,
1291 1154 1445 1209 inquit,
1479 1154 1618 1195 brutis
1660 1154 1931 1204 animalibus,
1967 1170 2053 1196 non
2079 1168 2114 1190 ιο

509 1230 656 1265 autem
693 1223 789 1265 aliis
827 1223 1074 1264 hominibus
1112 1228 1267 1264 natura
1298 1229 1364 1264 est
1395 1223 1637 1278 praelatus3
1668 1223 1871 1278 quoniam
1903 1239 2051 1266 omnes

510 1294 706 1335 homines
739 1299 896 1335 natura
931 1293 1131 1348 aequales
1167 1292 1333 1349 genuit,
1364 1293 1437 1333 sed
1476 1292 1668 1334 variante
1703 1308 1868 1334 morum
1904 1293 2051 1335 ordine

509 1364 613 1405 alios
645 1363 740 1405 aliis
771 1379 856 1405 non
889 1369 1045 1405 natura
1076 1363 1150 1404 sed
1181 1363 1307 1418 culpa
1338 1362 1604 1418 postposuit:
1638 1363 1752 1404 unde
1781 1362 1883 1418 quia
1913 1362 2051 1404 omnis

509 1434 635 1475 homo
668 1448 753 1474 non
786 1448 921 1488 aeque
959 1432 1003 1473 in
1035 1432 1104 1474 via
1134 1432 1342 1488 graditur,
1374 1432 1484 1473 alter
1518 1432 1573 1473 ab
1609 1432 1744 1473 altero
1781 1432 1927 1473 debite
1957 1432 2050 1488 jam

508 1509 695 1559 regatur.
757 1502 861 1544 haec
889 1502 972 1544 ille.
1039 1502 1192 1544 melius
1221 1517 1321 1558 ergo
1343 1501 1422 1542 deo
1448 1507 1591 1543 totum
1613 1501 1683 1542 cui
1704 1501 1765 1542 nil
1787 1492 2050 1557 impossibile
2075 1517 2111 1547 15

507 1579 573 1615 est
614 1579 664 1615 ut
706 1572 1041 1622 committamus,
1082 1588 1211 1628 quam
1253 1571 1417 1627 aliquid
1459 1578 1606 1613 tamen
1647 1571 1826 1612 definire
1869 1571 2051 1612 velimus

507 1643 765 1684 auctoritate
800 1649 946 1684 nostra
981 1643 1095 1698 quod
1126 1658 1211 1683 non
1243 1643 1483 1698 probamus.
1545 1641 1648 1682 haec
1682 1641 1973 1697 Hieronymus
2006 1641 2049 1682 in

506 1711 710 1768 epistolis.

223 1779 332 1839 [I'here
348 1789 432 1811 were
594 1781 679 1822 Sed
721 1781 825 1836 quid
867 1780 1048 1822 ulterius
1089 1779 1240 1829 dicam,
1277 1779 1380 1835 quid
1422 1779 1474 1820 (10
1516 1779 1645 1835 hujus
1687 1779 1766 1820 loci
1806 1779 2050 1835 pastoribus

221 1823 452 1898 ssivaeulfgifgfe
506 1851 698 1900 referam,
727 1850 900 1906 ignoro:
931 1849 1005 1891 sed
1034 1864 1169 1891 unum
1198 1864 1274 1905 pro
1303 1855 1418 1890 certo
1448 1855 1525 1898 est,
1546 1849 1659 1904 quod
1688 1864 1740 1890 ex
1766 1848 2049 1891 munimentis
2071 1864 2111 1886 20

506 1918 899 1960 vetustissimorum
929 1918 1135 1959 librorum
1160 1917 1398 1973 reperimus
1424 1923 1591 1973 septem
1613 1917 1792 1958 abbates
1813 1916 2049 1958 successive

505 1987 799 2043 praesidentes
841 1987 941 2028 huic
982 1993 1129 2028 sancto
1171 1988 1260 2028 1000
1301 1993 1402 2028 ante
1439 1993 1636 2028 sanctum
1684 1985 1939 2036 Wulsinum‚
1975 1986 2049 2042 qui

506 2065 697 2114 tempore
730 2058 866 2100 sancti
900 2058 1118 2100 Dunstani
1151 2058 1250 2100 huic
1283 2059 1370 2100 loco
1404 2058 1602 2114 praefuit,
1631 2063 1675 2100 01
1706 2057 1849 2113 111811111
1882 2072 2047 2099 monas-

506 2129 663 2170 terium
715 2129 794 2170 sub
844 2129 1016 2170 nomine
1058 2129 1241 2185 pastoris
1282 2129 1522 2185 regulasseg
1572 2128 1624 2169 do
1668 2128 1824 2183 quibus
1870 2134 1953 2170 tres
1993 2128 2047 2169 ad

503 2198 683 2253 gradum
721 2198 1005 2254 episcopalem
1042 2199 1214 2239 fuerant
1254 2197 1477 2252 assumpti.
1539 2212 1721 2252 quorum
1759 2197 1935 2238 nomina
1978 2197 2046 2238 1110
2068 2211 2106 2242 25

220 2271 360 2320 Siwaru,
505 2273 734 2309 notantur:
771 2267 989 2308 Siwardus
1019 2267 1176 2317 abbasg
1213 2266 1497 2308 Ordbrithtus
1528 2266 1672 2313 abbas,
1701 2272 1894 2321 tempore
1923 2266 2046 2308 Offae

219 2314 412 2353 Ordbmtht,
505 2336 618 2392 regis
652 2336 921 2385 Merciorum,
956 2342 1005 2377 ut
1041 2341 1163 2390 patet
1200 2335 1245 2376 in
1282 2335 1540 2390 telligrapho
1574 2334 1708 2390 ipsius
1740 2334 1864 2390 regis,
1897 2340 2046 2391 postea

219 2403 338 2476 {ffwyg
504 2404 727 2460 episcopus
757 2404 1032 2454 Selseiensis3
1064 2404 1257 2459 Alfwyus
1286 2404 1430 2453 abbas,
1451 2409 1603 2459 postea
1628 2402 1853 2458 episcopus
1882 2403 1916 2443 F
1920 2410 2044 2444 unta—

218 2456 378 2530 Adffiigs,
505 2473 670 2524 nensis3
716 2474 917 2529 Alfgarus
958 2473 1116 2523 abbas3
1158 2473 1400 2529 Adymerus
1442 2472 1597 2523 abbas3
1637 2471 1849 2513 Alfnodus
1889 2472 2045 2523 abbasg

216 2533 356 2608 ffiffi‘gffl’
503 2544 690 2585 Alfricus
718 2544 861 2593 abbas,
889 2549 1039 2600 postea
1068 2543 1291 2599 episcopus
1324 2542 1566 2585 Crieiensis.
1627 2557 1711 2597 quo
1744 2547 1948 2597 tempore,
1978 2542 2043 2583 vel
2064 2558 2103 2588 30

217 2654 322 2686 Their
338 2655 435 2687 dates
503 2620 676 2668 1111111110,
718 2613 798 2654 sub
840 2612 997 2668 quibus
1039 2612 1171 2654 etiam
1214 2612 1386 2668 regibus
1434 2618 1578 2668 patres
1618 2611 1692 2653 isti
1733 2611 2043 2667 praesiderimt,

217 2709 273 2730 are
291 2699 475 2736 unknown,
504 2687 648 2723 tamen
681 2687 855 2738 propter
885 2697 1114 2738 regnorum
1143 2681 1490 2730 instabilitatem,
1521 2695 1671 2736 regum
1702 2680 1834 2721 etiam
1866 2679 2042 2721 diversi-

503 2756 650 2800 tatem,
684 2766 732 2792 ac
769 2751 961 2806 ejusdem
995 2749 1188 2791 coenobii
1222 2750 1403 2791 fratrum
1441 2748 1765 2805 negligentiam,
1800 2748 1957 2790 nostris
1998 2748 2042 2790 in

217 2820 373 2851 auditis
389 2821 462 2863 best
501 2819 717 2860 codicibus
750 2820 907 2860 veritas
938 2834 1023 2859 non
1054 2824 1245 2873 apparet.
1307 2819 1479 2859 mallem
1511 2818 1647 2873 igitur
1678 2817 1762 2859 ista
1793 2818 1874 2859 sub
1910 2817 2041 2859 dubio

214 2864 445 2945 ggsssgcgsrnake
501 2888 741 2944 relinquere
783 2904 911 2944 quam
953 2887 1116 2943 aliquid
1159 2887 1423 2927 mendaciter
1464 2893 1507 2928 et
1558 2887 1650 2927 sine
1691 2901 1818 2927 causa
1868 2886 2039 2942 fingere.
2061 2904 2098 2934 35

217 2976 334 3008 Under
351 2978 392 3008 K.
500 2957 686 3013 denique
707 2966 804 3013 post
828 2958 1061 2998 multorum
1079 2971 1288 2997 annorum
1306 2956 1516 2997 curricula
1537 2955 1727 3011 optimus
1748 2970 1821 2996 rex
1846 2955 2039 3011 Edgarus

214 3019 404 3095 ξὲξοζέζξέ
500 3025 755 3082 disponebat
790 3026 972 3082 Anglica
1008 3025 1182 3081 negotia
1215 3040 1311 3066 cum
1345 3040 1448 3081 pace
1481 3024 1713 3080 divinaque
1740 3023 1928 3079 justitia,
1961 3024 2038 3066 sic-

503 3102 551 3137 ut
588 3095 792 3137 audiente
825 3097 1053 3137 Dunstano
1089 3094 1403 3151 archipraesule
1440 3094 1638 3136 caelicola
1678 3109 1761 3150 pax
1798 3094 2037 3150 Anglorum

565 3188 583 3219 7
615 3188 766 3227 <100>]
783 3188 818 3218 in
836 3188 865 3218 D
884 3187 941 3218 the
958 3187 1028 3217 line
1045 3185 1128 3217 ends
1146 3185 1227 3216 with
1245 3186 1308 3216 Job
1328 3190 1383 3216 ca⁰
1400 3185 1449 3226 (in
1466 3184 1555 3226 red):
1581 3184 1615 3216 in
1634 3184 1676 3216 W
1693 3194 1712 3215 a
1727 3184 1834 3216 blank
1857 3183 1886 3215 is
1902 3184 1963 3216 left
1985 3184 2038 3216 for

499 3237 556 3269 the
573 3239 727 3270 number.
798 3241 837 3270 1ss
862 3238 1113 3270 committimus
1130 3238 1214 3269 DW.
1283 3238 1323 3267 21
1334 3237 1357 3269 f.
1380 3238 1651 3277 septem—ante]
1674 3247 1735 3268 om.
1752 3236 1794 3268 W
1812 3235 1846 3277 (a
1868 3235 2037 3276 complete

498 3288 567 3321 line
583 3290 620 3321 of
634 3289 688 3330 D).
797 3292 838 3322 38
863 3290 1059 3331 angelorum
1078 3289 1107 3321 D
1125 3291 1154 3329 (e
1170 3288 1402 3328 half-erased).
