2385 3891
83 1373 248 1404 PRErAcn.

82 1639 300 1672 Churchmen

84 1683 168 1715 need
184 1687 219 1715 to
236 1684 336 1716 know

83 1726 140 1758 the
157 1727 333 1759 evidences

83 1770 119 1801 of
133 1770 223 1802 their

82 1814 193 1853 rights
209 1815 278 1846 and

83 1857 325 1891 endowments.

83 2181 154 2213 The
170 2181 312 2214 founda-

80 2225 154 2256 tion
170 2226 238 2257 and

82 2269 259 2309 privileges
275 2270 312 2300 of

82 2312 332 2350 Westminster,

85 2389 172 2421 from
189 2399 255 2421 ΑΛ).
274 2391 335 2421 184

85 2435 120 2464 to
136 2443 204 2464 A.D.
224 2434 319 2471 1443,

85 2513 120 2541 to
131 2510 171 2541 be
184 2511 346 2542 recorded

85 2553 128 2593 by
144 2553 282 2585 brother

85 2596 175 2627 John
194 2597 301 2636 Flete,

83 2640 170 2671 from

84 2682 273 2714 chronicles

84 2725 151 2756 and
168 2725 315 2765 original

85 2768 298 2800 documents.

402 1077 544 1125 THE
595 1078 899 1127 HISTORY
947 1079 1035 1127 OF
1084 1079 1587 1129 WESTMINSTER
1638 1082 1870 1129 ABBEY

827 1197 916 1245 BY
963 1197 1150 1246 JOHN
1201 1199 1439 1247 FLETE.

452 1361 630 1402 INCIPIT
666 1363 905 1417 proemium
941 1363 1038 1404 libri
1079 1363 1269 1404 breviter
1305 1363 1525 1419 compilati
1559 1363 1612 1404 de
1655 1363 1906 1404 fundatione

365 1436 442 1471 etc.
466 1431 668 1472 ecclesiae
702 1432 1185 1483 Westmonasteriensis‚
1207 1440 1337 1488 prout
1366 1433 1411 1473 in
1439 1432 1649 1474 chronicis
1671 1438 1715 1474 et
1737 1433 1907 1488 scriptis

363 1500 626 1542 authenticis
647 1501 878 1544 invenitur.

450 1626 664 1679 Quoniam
697 1629 805 1670 utile
833 1634 898 1670 est
924 1635 967 1670 et
997 1629 1226 1671 honestum
1259 1645 1307 1671 ac
1338 1629 1496 1671 rationi
1527 1645 1759 1672 consonum
1792 1630 1906 1687 quod

363 1695 442 1736 viri
485 1697 760 1739 ecclesiastici
802 1704 846 1739 et
883 1698 1111 1754 praecipue
1153 1698 1340 1755 religiosi
1382 1714 1553 1740 suorum
1594 1699 1780 1741 locorum
1816 1700 1904 1741 sive
1925 1723 1940 1753 5

363 1766 636 1808 ecclesiarum
668 1767 894 1823 privilegia
925 1768 1255 1823 dotationesque
1289 1774 1603 1824 cognoscerent,
1638 1769 1751 1810 unde
1789 1769 1903 1810 vitae

364 1836 601 1877 necessaria
632 1837 819 1893 recipere
851 1852 895 1879 se
928 1838 1179 1894 gauderent,
1212 1845 1261 1878 ut
1298 1838 1471 1880 Christo
1502 1838 1695 1893 quietius
1732 1839 1904 1880 valeant

366 1906 562 1946 famulari
594 1912 637 1948 et
669 1922 745 1963 pro
777 1907 1077 1949 fundatoribus
1105 1908 1303 1949 devotius
1335 1923 1532 1959 exorare3
1564 1908 1663 1949 hinc
1695 1915 1760 1950 est
1792 1909 1906 1964 quod

364 1975 633 2030 quorundam
670 1977 851 2017 fratrum
889 1983 1041 2033 rogatu
1074 1977 1203 2032 hujus
1236 1977 1374 2018 sancti
1407 1977 1498 2025 loci,
1532 1977 1731 2018 videlicet
1767 1978 1905 2019 West-

365 2045 612 2086 monasterii
648 2046 830 2099 (dudum
869 2046 1083 2102 Apollinis
1120 2047 1343 2102 templum,
1375 2047 1488 2103 quod
1525 2053 1674 2103 postea
1710 2047 1906 2088 caelestis
1930 2070 1966 2091 10

364 2115 560 2172 claviger,
584 2116 737 2158 Petrus
760 2116 961 2158 videlicet
983 2117 1213 2172 apostolus,
1235 2116 1279 2157 in
1302 2117 1458 2172 spiritu
1481 2117 1560 2158 deo
1583 2123 1626 2158 et
1649 2132 1724 2157 suo
1742 2116 1906 2157 nomini

364 2200 461 2226 cum
494 2200 775 2241 supernorum
808 2185 966 2227 civium
1000 2186 1283 2227 multitudine
1317 2187 1565 2241 dedicavit),
1597 2186 1906 2235 fundationem,

364 2256 690 2305 dedicationem,
720 2256 1041 2312 antiquitatem,
1070 2256 1333 2313 dignitatem
1365 2272 1412 2298 ac
1444 2257 1705 2305 libertatem,
1734 2271 1905 2312 exemp-

366 2325 538 2374 tionem,
561 2325 908 2381 jurisdictioncm
937 2340 1106 2381 quoque
1135 2341 1183 2366 ac
1212 2326 1468 2367 ordinariam
1500 2331 1763 2382 potestatem
1793 2326 1905 2381 ejus-

364 2393 474 2443 dem,
495 2409 520 2434 a
544 2400 733 2449 tempore
756 2393 891 2443 Lucii,
912 2394 1041 2449 primi
1063 2394 1175 2450 regis
1199 2394 1428 2435 Britonum
1452 2394 1702 2443 Christiani,
1718 2409 1831 2435 anno
1851 2394 1906 2435 ab
1930 2416 1964 2444 15

366 2463 658 2504 incarnatione
687 2463 851 2504 domini
879 2463 1079 2513 clxxxiv0‚
1109 2479 1243 2519 usque
1272 2464 1325 2504 ad
1357 2470 1551 2519 tempora
1583 2463 1695 2519 regis
1727 2463 1905 2504 Henrici

365 2532 488 2581 sexti,
511 2548 622 2573 anno
644 2532 805 2573 domini
830 2532 1056 2573 millesimo
1078 2533 1285 2574 ccccxliiiO
1307 2539 1351 2574 et
1374 2533 1567 2588 ejusdem
1590 2533 1703 2588 regis
1727 2533 1905 2574 Henrici

367 2616 477 2641 anno
519 2601 636 2650 xxii0,
677 2616 755 2657 ego
797 2602 927 2642 frater
966 2601 1187 2642 Johannes
1229 2603 1364 2650 Flete,
1405 2601 1615 2657 praedicti
1656 2602 1905 2643 monasterii

367 2670 559 2711 sacerdos
590 2676 634 2711 et
666 2671 890 2726 professus,
918 2672 1133 2726 praesenti
1166 2672 1368 2727 opusculo
1400 2687 1451 2713 ex
1484 2671 1663 2713 diversis
1695 2672 1905 2713 chronicis

367 2739 615 2794 approbatis
637 2738 891 2795 scriptisque
909 2740 1184 2789 authenticis,
1202 2741 1362 2782 chartis
1379 2756 1530 2797 regum
1552 2756 1903 2796 summorumque
1924 2760 1965 2781 ‘20

367 2808 619 2864 pontificum
668 2807 796 2849 bullis
844 2809 1085 2864 compilato,
1127 2811 1306 2851 fratrum
1348 2809 1634 2865 petitionibus
1675 2809 1905 2850 intendens

366 2877 620 2926 satisfacere,
652 2876 840 2918 breviter
880 2877 1126 2919 declarabo:
1166 2879 1246 2920 sub
1288 2879 1445 2934 quibus
1486 2879 1618 2920 etiam
1660 2878 1903 2934 pastoribus

365 2946 453 2988 sive
495 2946 725 2987 abbatibus
766 2961 868 3002 grex
913 2947 1173 2989 monasticus
1215 2948 1259 2989 in
1303 2964 1405 3004 agro
1446 2948 1658 2989 dominico
1699 2948 1902 2989 continue

366 3015 559 3056 laborans
601 3016 739 3056 fuerat
781 3015 1000 3067 educatus,
1042 3018 1297 3059 reformatus
1339 3024 1382 3059 et
1433 3018 1701 3074 gubernatus
1742 3017 1904 3073 pariter

364 3085 586 3126 intimabo.
1923 3112 1960 3142 ²5

582 3177 599 3207 1
626 3176 754 3207 Dublin
773 3177 947 3216 fragment
965 3177 1020 3218 (D)
1038 3177 1158 3217 begins
1175 3191 1181 3210 z
1207 3188 1286 3218 goes
1303 3188 1348 3209 on
1366 3181 1401 3209 to
1419 3188 1451 3217 p.
1470 3179 1524 3215 47,
1541 3178 1563 3208 l.
1583 3180 1636 3208 33.

583 3230 601 3261 7
625 3228 788 3268 gauderet
807 3229 858 3261 W.

460 3309 495 3334 R.
514 3309 546 3335 r.
1787 3304 1807 3336 3
