2385 3891
73 605 112 637 St
128 605 288 636 Dunstan

72 648 220 681 rebuilds
236 647 293 679 the

72 694 268 730 monastery

71 802 139 834 and
156 802 316 841 appoints

72 845 204 876 Wulsin
221 848 256 876 to

72 889 144 920 rule
160 889 198 920 it.

73 933 136 971 (ef.
153 942 185 972 p.
206 933 272 973 57.)

73 1427 179 1459 XVII.
230 1426 269 1457 St

71 1470 219 1509 Wulsin,

72 1710 257 1751 appointed

75 1756 111 1786 in
128 1764 194 1786 ΑΛ).
212 1756 286 1792 958,

73 1798 142 1830 and.
157 1798 256 1829 after-

73 1841 180 1873 wards
195 1841 293 1873 made

73 1885 176 1917 abbot

970 406 1027 454 Sc
1076 405 1273 454 Wucsm
1830 409 1892 456 79

356 530 557 572 ecclesiae
599 530 779 572 caelitus
820 530 1016 586 promitti
1061 537 1275 572 meruerat
1317 530 1359 571 in
1398 530 1491 586 ipsa
1532 529 1764 571 nativitate
1805 545 1893 571 sua.

357 600 486 655 hujus
507 607 654 641 autem
684 600 796 656 regis
822 606 1014 656 tempore
1041 606 1214 641 sanctus
1240 600 1496 641 Dunstanus
1517 599 1571 640 ad
1600 599 1891 655 episcopatum

357 669 699 710 Londoniensem
732 668 910 724 eligitur
940 675 984 710 et
1015 669 1315 719 confirmatum
1348 668 1423 724 qui
1454 668 1569 724 apud
1604 668 1892 710 Westmonas-

356 738 512 779 terium
536 737 779 779 reedificato
801 737 976 778 cenobio
998 736 1242 792 additisque
1264 737 1497 792 aliquantis
1520 737 1645 778 terris
1662 736 1894 778 venerabili

358 807 552 848 Wulsino
589 807 781 861 ejusdem
824 807 903 847 loci
941 807 1147 848 monacho
1181 822 1325 848 curam
1362 806 1579 848 commisit
1616 806 1894 862 paternalem,
1917 820 1932 848 5

356 881 483 931 prout
516 875 560 916 in
593 876 741 916 charta
777 875 914 916 sancti
956 875 1174 917 Dunstani
1211 875 1418 931 praedicti
1454 875 1661 917 recitatur
1696 875 1741 916 in
1783 876 1895 916 hunc

357 945 554 986 modum:
587 944 745 986 Omnia
766 960 876 1000 quae
901 944 954 985 ad
982 944 1227 986 libertatem
1256 951 1299 986 et
1331 945 1638 987 exaltationem
1668 945 1784 986 illius
1816 944 1893 986 loci

356 1029 431 1070 per
461 1020 650 1055 nostram
683 1013 988 1055 auctoritatem
1020 1014 1219 1055 accedere
1252 1020 1432 1070 possunt
1465 1014 1590 1055 hilari
1622 1021 1666 1055 et
1698 1020 1897 1070 prompta

358 1084 580 1125 voluntate
603 1083 898 1125 concedimus:
929 1083 1135 1125 nimirum
1159 1099 1256 1124 cum
1279 1098 1358 1139 ego
1387 1083 1449 1124 illi
1478 1091 1627 1125 sancto
1651 1085 1750 1132 loco,
1773 1083 1893 1139 quasi

357 1153 592 1194 multorum
610 1168 760 1208 regum
783 1152 1051 1208 temporibus
1068 1153 1277 1209 neglecto,
1294 1153 1577 1208 praefuerim3
1603 1169 1730 1208 quem
1748 1159 1897 1208 postea
1921 1169 1958 1190 10

356 1222 516 1264 additis
550 1222 589 1264 ei
630 1223 864 1278 aliquantis
906 1223 1031 1264 terris
1074 1223 1307 1264 venerabili
1352 1223 1547 1264 Wulsino
1589 1223 1783 1279 ejusdem
1819 1223 1896 1263 loci

359 1293 564 1334 monacho
595 1292 853 1334 servandum
885 1291 1290 1333 commendavimus.
1353 1292 1457 1333 haec
1489 1292 1661 1334 ibidem.

443 1414 698 1469 Capitulum
730 1413 830 1454 xvii.
892 1413 958 1454 De
990 1419 1138 1454 sancto
1172 1413 1366 1454 Wulsino
1398 1413 1565 1454 abbate.

444 1500 630 1541 Sanctus
662 1498 885 1540 Wulsinus
918 1497 1053 1554 igitur
1081 1497 1255 1539 natione
1285 1498 1494 1553 Anglicus
1526 1505 1570 1540 et
1602 1498 1647 1540 in
1679 1498 1900 1540 Londonia

356 1568 574 1618 oriundus,
596 1567 829 1610 monachus
850 1567 896 1608 in
917 1567 1121 1609 coenobio
1150 1567 1267 1609 beati
1298 1567 1413 1609 Petri
1446 1567 1897 1609 WVestmonasteriensi
1926 1589 1958 1617 15

356 1645 554 1680 attonsus
587 1653 612 1679 a
646 1638 774 1678 beato
807 1636 1048 1685 Dunstan0‚
1082 1642 1187 1678 tunc
1222 1636 1494 1693 Wigornensi
1529 1643 1573 1679 et
1611 1637 1896 1679 Londoniensi

357 1708 565 1765 episcopo,
596 1708 766 1749 favente
799 1706 939 1748 eidem
972 1706 1142 1762 Edgaro
1173 1722 1272 1761 rege
1304 1707 1479 1763 pacifico
1510 1707 1562 1748 ad
1596 1707 1788 1763 ejusdem
1821 1707 1897 1748 loci

358 1778 551 1835 regimen
592 1778 829 1834 deputatus
871 1782 949 1826 est,
989 1791 1101 1818 anno
1142 1777 1196 1818 ab
1247 1777 1541 1819 incarnatione
1592 1778 1755 1819 domini
1797 1793 1899 1819 non-

358 1848 599 1904 gentesimo
620 1846 978 1903 quinquagesimo
1000 1852 1160 1889 octavo.
1222 1846 1377 1888 deinde
1401 1853 1594 1903 tempore
1617 1847 1729 1903 regis
1752 1847 1899 1889 Ethel-

359 1916 461 1966 redi,
483 1917 561 1958 filii
585 1916 743 1973 Edgari
764 1916 942 1972 pacifici,
963 1916 1096 1957 abbas
1118 1915 1312 1971 ejusdem
1339 1916 1418 1957 loci
1440 1916 1663 1958 ordinatus
1685 1922 1761 1967 est,
1786 1923 1834 1958 ut
1856 1916 1899 1957 in
1922 1935 1961 1956 20

76 1991 343 2032 (Cf.charterof
360 1987 619 2043 telligrapho
640 1987 833 2042 ejusdem
861 1986 972 2042 regis
1000 1986 1053 2027 de
1079 1986 1355 2028 libertatibus
1377 1986 1579 2027 ecclesiae
1609 1987 1899 2028 XVestmonas-

75 2036 115 2067 K.
127 2034 303 2074 Ethelred,

73 2089 139 2111 ΑΛ).
161 2080 236 2115 998,

77 2126 85 2138 ⁵
95 2122 269 2154 Domesd.'

74 2166 98 2198 f.
113 2167 165 2207 80)

81 2892 113 2923 in
130 2902 194 2924 A.D.
208 2894 283 2926 980.

359 2057 556 2099 teriensis
578 2056 801 2098 evidenter
822 2055 1066 2097 ostenditur
1086 2055 1131 2097 in
1153 2056 1257 2097 haec
1279 2057 1408 2097 verba
1434 2057 1519 2098 fere
1546 2056 1656 2098 circa
1686 2056 1875 2098 medium
1893 2074 1899 2098 :

359 2126 454 2167 Hoc
479 2140 648 2180 quoque
678 2130 828 2165 notum
859 2124 945 2166 fore
967 2124 1177 2180 cupimus,
1199 2125 1312 2180 quod
1340 2125 1493 2166 beatae
1523 2125 1752 2166 memoriae
1780 2125 1900 2166 Dun-

359 2201 509 2236 stanus
525 2194 695 2236 cuidam
713 2193 795 2235 sibi
812 2193 929 2235 fideli
945 2208 994 2234 ac
1010 2194 1190 2249 probato
1207 2195 1427 2245 monacho,
1446 2194 1668 2236 Wulsinus
1686 2195 1900 2243 vocabulo,

359 2280 487 2320 quem
509 2264 630 2320 quasi
652 2263 789 2304 filium
812 2278 920 2319 pura
941 2263 1171 2305 dilectione
1194 2264 1368 2314 amavit,
1386 2264 1493 2305 illud
1516 2264 1824 2306 monasterimn
1847 2265 1898 2305 ad
1922 2282 1960 2311 25

359 2334 595 2390 regendum
626 2333 883 2390 regulariter
912 2333 1149 2375 commisit:
1181 2339 1226 2375 et
1257 2349 1332 2375 nos
1364 2340 1513 2389 postea
1542 2334 1745 2375 abbatem
1777 2334 1899 2375 illum

360 2404 471 2445 istuc
512 2403 830 2451 constituimus,
870 2417 918 2444 ac
962 2408 1059 2458 post
1107 2417 1241 2443 annos
1283 2403 1448 2458 aliquot
1489 2403 1736 2459 episcopum
1778 2404 1898 2444 illum

360 2472 568 2529 elegimus
604 2472 657 2513 ad
699 2472 842 2513 sedem
881 2471 1237 2513 Shireburnensis
1274 2473 1488 2522 ecclesiae,
1521 2473 1643 2514 firmo
1685 2473 1766 2514 sibi
1801 2474 1899 2529 jure

359 2557 566 2591 concesso,
600 2547 650 2583 ut
685 2541 921 2582 secundum
955 2556 1081 2582 suum
1115 2541 1307 2597 regimen
1342 2542 1457 2584 locus
1494 2542 1565 2584 ille
1599 2543 1822 2584 ordinetur
1857 2549 1901 2584 et

360 2612 625 2667 disponatur,
666 2618 710 2652 et
751 2617 848 2667 post
888 2611 979 2652 dies
1016 2611 1109 2666 ejus
1142 2611 1200 2652 sit
1240 2616 1330 2652 tam
1374 2612 1557 2653 liberum
1595 2613 1724 2655 sicuti
1759 2619 1898 2654 cetera
1921 2628 1961 2657 30

363 2679 629 2722 monasteria.
692 2680 796 2721 haec
812 2679 985 2721 ibidem.
1041 2694 1092 2721 ex
1110 2680 1206 2722 istis
1228 2686 1350 2736 patet
1372 2681 1485 2736 quod
1507 2681 1660 2723 beatus
1679 2682 1900 2723 VVulsinus

362 2750 440 2790 hoc
463 2748 771 2790 monasterium
792 2747 1051 2804 regulariter
1071 2749 1193 2804 quasi
1219 2764 1296 2805 per
1318 2749 1473 2805 viginti
1495 2749 1602 2791 duos
1623 2765 1756 2792 annos
1778 2751 1900 2799 rexit,

361 2819 415 2859 ab
456 2832 566 2859 anno
607 2816 852 2873 supradicto
895 2832 1029 2873 usque
1069 2817 1123 2858 ad
1164 2833 1325 2859 annum
1367 2819 1745 2875 nongentesimum
1787 2827 1900 2861 octo-

361 2886 586 2943 gesimum.
622 2901 705 2941 quo
739 2900 850 2927 anno
884 2886 1129 2941 praedictus
1162 2901 1235 2928 rex
1274 2887 1532 2929 Ethelredus
1565 2888 1767 2930 abbatem
1801 2904 1899 2930 eum

362 2956 523 2998 ibidem
552 2955 791 3005 constituit,
813 2970 862 2996 ac
883 2955 1037 2997 deinde
1067 2963 1164 3011 post
1195 2971 1352 3012 paucos
1381 2971 1514 2998 annos
1546 2957 1900 2999 Shireburnensis
1921 2974 1959 3003 35

362 3024 562 3066 ecclesiae
614 3023 863 3080 episcopum
914 3023 1140 3066 ordinavit.
1201 3040 1286 3066 non
1337 3031 1483 3066 tamen
1524 3032 1694 3080 poterat
1744 3027 1899 3082 primo-

362 3093 554 3150 genitam
597 3093 791 3134 subolem
832 3092 1038 3142 deserere,
1074 3093 1148 3135 sed
1189 3093 1234 3134 in
1270 3109 1403 3135 unum
1439 3094 1617 3135 tenebat
1649 3110 1697 3136 ac
1732 3096 1901 3138 fovebat

362 3164 537 3205 domum
570 3168 808 3218 utramque,
830 3171 874 3204 et
905 3163 1056 3219 auriga
1086 3163 1267 3220 insignis
1297 3164 1499 3205 dominici
1531 3180 1679 3206 currus
1711 3165 1779 3206 hic
1810 3181 1900 3207 sese

494 3254 534 3283 24
558 3252 733 3284 uulfsinus
749 3253 782 3285 d.
1002 3255 1043 3287 27
1067 3254 1170 3295 istuc]
1187 3254 1257 3286 illic
1274 3254 1305 3286 d.
1527 3256 1568 3286 28
1593 3254 1718 3286 Scireb.
1738 3254 1769 3286 d.
