2385 3891
247 2548 320 2579 The
336 2547 460 2587 bishop

246 2592 393 2632 joyfully

246 2636 393 2666 receives
409 2634 468 2666 the

246 2688 413 2718 message,

526 408 591 453 42
838 405 1020 454 Flete's
1054 403 1279 467 History
1316 403 1382 466 of
1419 403 1765 452 Westminster

527 545 616 571 rem
651 535 695 571 et
731 535 918 571 actorem
953 527 1205 584 significare.
1267 527 1471 569 edocente
1508 527 1675 569 diutius
1708 528 1899 584 apostolo
1934 542 2065 584 pavor

527 598 723 648 abicitur,
774 597 929 639 fiducia
980 596 1182 653 loquendi
1238 596 1469 646 inducitur,
1521 597 1782 653 tandemque
1833 596 2065 652 resumptis

528 668 690 710 viribus
726 669 780 709 ad
813 682 1064 723 responsum
1100 666 1286 722 piscator
1317 666 1556 708 resolvitur.
1621 666 1754 717 Licet,
1789 666 1960 708 domine
1994 665 2065 715 mi,

528 737 794 778 scientiolam
832 752 972 778 meam
1008 736 1182 792 grandis
1218 736 1446 778 excesserit
1480 736 1596 786 visio,
1632 742 1675 777 te
1705 737 1890 792 jubente
1926 735 2065 777 dicam

529 806 641 862 quod
659 806 808 848 sentio,
850 821 975 847 uoces
992 805 1262 847 cantantium
1280 805 1388 846 mira
1409 805 1623 846 suavitate
1645 805 1802 854 audivi,
1824 805 2064 847 claritatem
2085 815 2101 844 5

531 875 673 931 magni
697 875 872 917 luminis
894 875 994 923 vidi,
1015 882 1059 916 et
1087 875 1141 916 ad
1171 875 1274 916 haec
1304 875 1417 916 ultra
1445 890 1573 930 quam
1602 874 1732 916 sciam
1761 874 1955 917 extimui.
2016 881 2064 916 tu

530 960 639 994 vero,
670 945 842 986 domine
875 945 944 995 mi,
977 944 1072 1001 quis
1105 945 1171 986 vel
1202 945 1306 1001 quid
1337 944 1394 986 sis
1425 945 1584 986 certius
1615 944 1767 994 nescio,
1798 944 1873 986 sed
1903 944 2066 1000 aliquid

528 1014 629 1055 boni
665 1029 756 1056 esse
794 1020 837 1056 te
869 1014 1044 1055 credens
1076 1029 1160 1054 non
1196 1013 1360 1056 dubito.
1422 1019 1525 1055 tunc
1561 1014 1778 1069 apostolus
1809 1013 1869 1054 sic
1904 1013 2066 1068 recepit

528 1084 828 1125 confitentem:
880 1082 1032 1135 Quem,
1074 1082 1228 1138 inquit,
1268 1082 1429 1123 bonum
1479 1083 1589 1124 bene
1640 1082 1835 1138 percipis,
1875 1081 2066 1137 apertius

528 1153 747 1209 intellige3
778 1167 887 1208 quae
910 1152 1042 1193 etiam
1066 1167 1251 1208 expones
1273 1151 1378 1193 aliis.
1440 1167 1518 1208 ego
1540 1167 1634 1193 sum
1665 1151 1827 1194 Christi
1849 1151 2067 1207 apostolus
2090 1165 2126 1186 10

530 1224 694 1272 Petrus,
731 1223 799 1264 cui
832 1223 941 1263 hanc
977 1222 1198 1264 ecclesiam
1236 1221 1460 1263 fabricavit
1497 1221 1604 1262 mihi
1636 1221 1707 1262 ille
1746 1236 1867 1262 meus
1904 1220 2067 1262 amicus

531 1292 800 1347 [Sebertus];
826 1307 902 1348 pro
924 1291 1046 1347 cujus
1068 1306 1210 1332 amore
1233 1296 1276 1332 et
1298 1290 1537 1341 devotione,
1555 1290 1720 1346 locique
1742 1290 1871 1346 hujus
1893 1295 2068 1331 aeterna

529 1361 878 1410 sanctificatione,
900 1375 976 1416 per
997 1360 1208 1416 meipsum
1240 1359 1353 1401 volui
1384 1375 1477 1401 eam
1506 1359 1585 1401 deo
1615 1365 1658 1401 et
1685 1358 1792 1400 mihi
1813 1374 2065 1400 consecrare.

528 1447 637 1487 quae
655 1432 768 1472 facta
784 1436 886 1472 sunt
903 1431 995 1486 jam
1016 1436 1063 1472 tu
1082 1430 1173 1486 ipse
1191 1429 1339 1471 vidisti
1356 1435 1400 1470 et
1417 1429 1579 1470 audisti
1596 1446 1603 1470 :
1624 1429 1670 1470 in
1687 1428 1754 1470 his
1775 1443 1885 1484 quae
1902 1434 2068 1470 restant

527 1500 816 1542 obsecundato
840 1499 955 1540 mihi.
1018 1500 1128 1540 facto
1157 1499 1226 1540 die
1255 1499 1325 1539 adi
1354 1499 1573 1540 Mellitum
1599 1498 1869 1554 episcopum:
1901 1514 1991 1540 rem
2017 1504 2067 1540 ut
2091 1514 2126 1546 15

528 1575 593 1611 est
634 1575 757 1626 gesta
799 1569 926 1610 edoce
968 1569 1115 1610 illum:
1167 1569 1258 1624 ipse
1299 1568 1533 1609 adveniens
1575 1568 1698 1624 signa
1738 1568 2068 1610 consecrationis

527 1639 758 1680 chrismate
780 1638 903 1679 illitis
924 1638 1163 1694 parietibus
1188 1637 1350 1693 poterit
1380 1637 1532 1678 videre.
1594 1637 1639 1678 in
1668 1637 1734 1678 his
1757 1637 1849 1693 jam
1879 1652 1955 1678 suo
1982 1652 2068 1678 non

527 1707 773 1764 indigemus
796 1707 960 1748 labore:
994 1722 1141 1748 verum
1171 1712 1351 1756 caetera,
1374 1706 1417 1747 id
1440 1712 1517 1756 est,
1541 1706 1690 1747 missas
1713 1712 1756 1747 et
1780 1706 2069 1748 ministerium

527 1777 721 1834 perficiat
762 1776 1011 1833 episcopale.
1085 1776 1139 1817 ad
1184 1775 1482 1817 testimonium
1525 1790 1624 1831 ergo
1667 1775 1840 1817 visionis
1882 1781 1983 1816 tuae
2025 1780 2069 1816 et

527 1846 798 1888 allocutionis
838 1853 1008 1887 nostrae
1050 1845 1160 1886 retia
1200 1844 1379 1901 proicies
1420 1844 1465 1885 in
1507 1844 1696 1893 flumine,
1737 1844 1945 1900 cedetque
1986 1843 2068 1885 tibi
2089 1861 2129 1883 20

528 1922 672 1958 nostro
723 1916 973 1957 interventu
1025 1929 1236 1971 prospere.
1297 1914 1350 1955 de
1401 1913 1539 1970 captis
1586 1913 1775 1969 piscibus
1824 1929 1960 1955 unum
2005 1913 2069 1954 illi

527 1984 824 2041 praesentabis
850 1999 946 2025 mea
975 1999 1027 2025 ex
1049 1989 1184 2039 parte,
1207 1989 1256 2024 ut
1278 1983 1440 2025 scilicet
1470 1989 1514 2024 et
1542 1983 1595 2024 de
1625 1982 1772 2024 relatis
1801 1982 1883 2024 tibi
1912 1982 2069 2032 credat,

529 2060 573 2096 et
594 2069 703 2110 quae
725 2069 750 2094 a
773 2068 840 2094 me
862 2053 925 2094 illi
947 2052 1105 2094 dixeris
1127 2067 1364 2108 exsequens
1385 2051 1602 2107 perficiat:
1625 2050 1800 2092 tametsi
1822 2050 1946 2092 credo
1968 2050 2070 2106 quia

522 2123 615 2179 jam
638 2122 700 2164 illi
722 2129 892 2164 nostrae
915 2121 1096 2164 actionis
1122 2121 1286 2176 aliquid
1315 2120 1496 2162 caelitus
1524 2120 1580 2161 sit
1610 2126 1842 2169 ostensum,
1863 2125 1914 2161 ut
1942 2125 2069 2162 tuum

529 2193 688 2234 certius
736 2192 1013 2233 confirmetur
1053 2191 1283 2247 eloquium.
1365 2197 1408 2232 te
1456 2190 1589 2232 etiam
1637 2205 1884 2231 commoneo
1925 2204 1979 2230 ne
2023 2189 2067 2230 in
2089 2208 2127 2239 25

529 2262 742 2304 dominica
774 2268 898 2303 nocte
923 2261 987 2302 vel
1010 2260 1078 2302 die
1111 2260 1297 2316 amplius
1329 2260 1433 2301 velis
1460 2259 1627 2316 piscari,
1649 2259 1858 2315 cedetque
1880 2258 1924 2300 in
1952 2274 2068 2314 pros-

529 2348 681 2389 perum
706 2331 786 2372 tibi
809 2338 995 2387 tuaeque
1025 2329 1271 2387 posteritati
1294 2331 1476 2378 futurae,
1493 2329 1810 2385 proficietisque
1832 2328 2068 2385 plurimum

530 2401 574 2442 in
606 2400 835 2458 piscatoria
863 2406 968 2442 arte.
1032 2406 1124 2441 erat
1156 2399 1271 2440 enim
1302 2414 1386 2439 nox
1415 2398 1629 2440 dominica
1654 2414 1750 2440 cum
1784 2398 1853 2439 hic
1883 2398 2070 2453 piscator

531 2470 692 2512 visione
714 2475 758 2511 et
781 2469 1038 2510 allocutione
1061 2484 1163 2510 usus
1186 2474 1251 2509 est
1273 2467 1516 2523 apostolica.

608 2539 690 2581 His
704 2538 830 2580 dictis
845 2539 1062 2594 apostolus
1076 2538 1169 2593 ejus
1185 2537 1346 2578 visibus
1360 2537 1642 2586 subtrahitur,
1656 2537 1856 2592 caeloque
1870 2541 2068 2591 receptus
2088 2555 2129 2585 30

530 2608 729 2666 piscatori
751 2608 898 2650 relicto
920 2608 965 2649 in
981 2613 1160 2663 captura
1181 2606 1468 2663 copiosissime
1485 2613 1535 2648 ut
1551 2606 1805 2662 promiserat
1821 2604 2067 2646 auxiliatur.

530 2678 728 2735 expansis
746 2678 861 2720 enim
884 2677 1049 2719 retibus
1070 2677 1114 2718 in
1137 2677 1315 2718 flumine
1333 2681 1500 2717 tantam
1524 2675 1718 2732 piscium,
1736 2690 1841 2731 quos
1858 2675 2069 2716 salmones

530 2758 795 2804 nuncupant,
817 2748 983 2803 copiam
1016 2747 1150 2788 traxit
1182 2746 1227 2787 in
1252 2745 1388 2795 litore,
1411 2752 1460 2787 ut
1490 2745 1561 2786 vix
1588 2744 1699 2786 retia
1730 2744 1867 2800 captis
1895 2749 2070 2800 possent

532 2818 733 2859 sufficere.
795 2817 993 2858 credulus
1014 2815 1201 2871 piscator
1221 2814 1478 2870 apostolicae
1508 2814 1701 2869 largitati
1724 2814 1835 2855 facto
1856 2813 1926 2854 die
1948 2812 2070 2854 adest

532 2886 800 2944 praesentiae
841 2885 1049 2942 praesulis
1090 2884 1317 2940 designati,
1358 2899 1552 2939 novoque
1601 2883 1725 2925 modo
1773 2883 1900 2924 dictis
1948 2882 2070 2923 illum
2091 2908 2129 2938 35

533 2957 694 2998 salutat
714 2956 833 2997 beati
856 2954 984 3004 Petri,
1007 2961 1050 2995 et
1075 2954 1198 3010 jussa
1225 2953 1371 2995 dicens
1396 2968 1554 2995 munus
1576 2953 1738 3009 pariter
1758 2951 1935 3008 exponit
1957 2950 2072 3007 quod

534 3025 709 3067 miserat
731 3025 805 3067 illi.
865 3024 1052 3080 assurgit
1082 3023 1304 3080 episcopus
1332 3022 1620 3072 devotissime,
1642 3021 1889 3078 gratiasque
1919 3021 1998 3062 deo
2028 3026 2072 3062 et

599 3148 618 3178 5
643 3146 773 3187 audivi]
790 3145 904 3186 accepi
923 3145 993 3177 Sul.
1061 3146 1099 3176 11
1125 3143 1509 3184 fab1·icavit]÷devotus
1527 3144 1598 3175 Sul.
1680 3143 1718 3173 12
1736 3153 1794 3174 om.
1818 3142 1981 3173 Sebertus
1999 3142 2071 3174 Sul.

537 3200 575 3230 13
598 3198 843 3238 memetipsum
861 3198 933 3229 Sul.
1067 3197 1108 3227 24
1133 3196 1193 3236 sit]
1210 3199 1260 3227 est
1279 3196 1350 3227 Sul.
1484 3196 1524 3226 25
1549 3195 1738 3234 eloquium]
1758 3194 1848 3227 Su1.:
1874 3193 2065 3233 alloquium

535 3250 564 3281 D
583 3250 659 3291 Sp.:
685 3250 839 3290 alioquin
856 3249 909 3280 W.
1042 3250 1082 3280 32
1107 3259 1166 3279 om.
1186 3247 1280 3278 enim
1298 3247 1349 3279 W.
1485 3248 1526 3278 34
1550 3248 1656 3287 facto]
1674 3247 1745 3278 Sul.
1763 3247 1793 3277 D
1813 3247 1887 3287 Sp.:
1912 3247 2000 3278 festo
2018 3245 2068 3279 W.
