2385 3891
985 426 1234 475 Charta-rs
1816 425 1878 475 57

347 551 413 592 vel
435 550 742 606 cujuscumque
765 550 1021 591 conditionis
1042 550 1218 606 petierit
1240 566 1284 591 se
1307 550 1366 591 ibi
1389 550 1572 606 sepeliri,
1593 564 1678 591 non
1700 549 1880 605 impedi-

346 626 445 662 atur
467 620 531 661 vel
554 620 833 676 prohibeatur
864 620 928 661 vel
950 620 1004 661 ab
1034 620 1230 676 episcopo
1259 620 1324 660 vel
1353 620 1407 661 ab
1433 619 1729 661 archidiacono
1759 619 1824 660 vel
1856 633 1881 659 a

345 688 601 744 parochiano
637 704 714 730 suo
755 689 1014 744 presbytero.
1075 696 1118 729 et
1159 689 1195 729 si
1236 688 1332 744 quis
1368 703 1514 730 eorum
1556 688 1778 743 presbyter
1814 688 1879 729 vel

346 757 523 799 clericus
555 758 662 798 forte
684 764 761 799 aut
790 758 962 807 occisus,
984 758 1096 814 quod
1119 758 1243 806 absit,
1265 764 1341 799 aut
1365 758 1614 799 vulneratus
1641 758 1782 806 fuerit,
1803 763 1880 798 aut

345 842 397 868 ex
419 827 480 868 eis
501 827 701 869 omnibus
726 827 907 883 alicujus
929 827 1111 882 injuriae
1134 827 1384 868 acclamatio
1407 827 1652 875 surrexerit,
1674 827 1879 883 quicquid

346 912 397 938 ex
419 897 485 938 his
507 897 706 938 omnibus
728 897 781 938 ad
803 913 878 938 nos
895 897 1081 938 attinere
1100 897 1282 946 videtur,
1299 897 1376 938 hoc
1399 904 1538 938 totum
1562 897 1722 946 abbati,
1739 897 1813 953 qui
1835 897 1880 938 in

345 965 437 1021 ipso
472 972 619 1007 sancto
652 966 740 1006 loco
771 966 1016 1021 praefuerit,
1048 966 1287 1021 ceterisque
1320 966 1524 1007 fratribus
1556 966 1801 1007 habendum
1835 973 1880 1007 et

345 1035 657 1091 disponendum
680 1035 960 1077 concedimus.
1020 1036 1054 1077 si
1077 1043 1236 1085 autem,
1257 1036 1371 1091 quod
1388 1036 1512 1085 absit,
1535 1036 1666 1077 etiam
1683 1037 1736 1078 de
1752 1037 1880 1078 rebus

345 1119 491 1145 eorum
515 1105 678 1146 furtum
702 1104 830 1146 fuerit
853 1106 1027 1154 factum,
1045 1111 1088 1146 et
1110 1105 1259 1146 abbati
1278 1106 1342 1146 vel
1366 1106 1569 1147 fratribus
1587 1105 1726 1147 visum
1749 1106 1880 1147 fuerit

345 1179 394 1214 ut
421 1173 683 1215 examinatio
713 1189 764 1215 ex
795 1173 871 1214 hoc
900 1173 1057 1215 debeat
1077 1174 1245 1230 agitari,
1272 1174 1495 1216 habebunt
1524 1175 1743 1216 licentiam
1771 1175 1878 1216 acci-

343 1242 489 1298 piendi
520 1258 545 1284 a
576 1249 721 1284 nostro
744 1243 991 1299 episcopatu
1022 1243 1299 1285 benedictum
1330 1244 1501 1293 ferrum,
1524 1245 1590 1285 vel
1622 1244 1656 1285 si
1686 1259 1771 1300 qua
1795 1245 1880 1286 alia

342 1320 444 1354 sunt
477 1313 767 1354 instrumenta
803 1320 880 1355 aut
911 1313 1234 1355 benedictiones
1269 1313 1323 1354 ad
1355 1313 1603 1369 hujusmodi
1639 1329 1729 1355 rem
1761 1329 1878 1355 exer-

342 1382 532 1432 cendam,
554 1382 715 1437 absque
738 1382 959 1423 exactione
982 1382 1111 1438 pretii
1133 1398 1158 1423 a
1186 1382 1494 1423 calumniatore
1517 1383 1583 1424 vel
1606 1383 1879 1433 calumniam,

341 1452 456 1493 intra
490 1452 758 1508 procinctum
796 1452 1045 1493 monasterii
1083 1458 1280 1501 tantum3
1321 1452 1394 1493 sed
1431 1458 1553 1494 extra
1589 1453 1793 1495 efferendi
1824 1454 1879 1495 ad

342 1521 463 1562 villas
484 1536 582 1563 suas
606 1522 670 1562 vel
693 1536 840 1563 causas
857 1521 1038 1562 aliorum
1055 1521 1242 1577 agendas
1259 1537 1344 1562 non
1366 1522 1589 1564 habebunt
1606 1529 1878 1578 potestatem.
1923 1542 1936 1571 ς

342 1591 583 1631 relaxamus
620 1590 752 1631 etiam
784 1605 854 1632 eos
886 1590 960 1646 qui
992 1591 1107 1632 intra
1138 1590 1284 1632 villam
1318 1590 1454 1647 ipsius
1490 1592 1734 1647 procinctus
1766 1608 1877 1634 com-

341 1665 563 1701 morantur
597 1675 622 1700 a
658 1660 834 1701 collecta
875 1660 1147 1701 denariorum
1184 1676 1313 1716 quam
1351 1661 1609 1703 Romeschot
1645 1663 1879 1718 appellant,

340 1730 451 1771 sicut
474 1730 713 1771 relaxatum
743 1736 808 1772 est
836 1746 861 1771 a
884 1731 1058 1787 regibus
1080 1730 1178 1773 Offa
1200 1736 1244 1772 et
1267 1731 1499 1787 Kenulpho
1522 1738 1566 1773 et
1593 1733 1770 1789 EdgarO.
1833 1740 1877 1775 et

340 1798 483 1840 omnia
504 1814 613 1855 quae
631 1799 684 1840 ad
702 1799 949 1841 libertatem
966 1806 1010 1841 et
1031 1799 1337 1841 exaltationem
1356 1800 1470 1841 illius
1488 1801 1566 1842 loci
1590 1817 1666 1857 per
1686 1808 1875 1844 nostram

341 1868 642 1910 auctoritatem
687 1869 885 1910 accedere
926 1876 1117 1925 possunt,
1160 1869 1285 1910 hilari
1327 1875 1371 1911 et
1412 1877 1611 1926 prompta
1652 1872 1875 1914 voluntate

341 1937 623 1979 concedimus.
674 1938 877 1979 nimirum
901 1954 996 1980 cum
1021 1954 1099 1995 ego
1122 1938 1183 1979 illi
1206 1946 1353 1980 sancto
1376 1940 1475 1989 loeo,
1497 1940 1619 1996 quasi
1642 1941 1876 1983 multorum

340 2022 490 2063 regum
512 2006 779 2062 temporibus
807 2008 1014 2063 neglecto,
1041 2008 1310 2063 praefuerim‚
1333 2024 1460 2064 quem
1483 2017 1632 2066 postea
1654 2011 1814 2053 additis
1837 2012 1875 2053 ei

339 2077 573 2133 aliquantis
623 2077 749 2119 terris
791 2078 1024 2119 venerabili
1077 2078 1272 2120 Wulsino
1315 2080 1507 2135 ejusdem
1551 2081 1629 2122 loci
1671 2083 1878 2123 monacho

339 2145 732 2187 commendavimus
762 2147 1029 2188 servandum.
1091 2154 1135 2189 et
1166 2148 1298 2190 infra:

425 2233 463 2272 ›1‹
494 2226 547 2266 In
570 2225 734 2268 Christi
756 2226 929 2268 nomine
951 2227 1031 2268 sub
1054 2227 1206 2269 horum
1229 2229 1477 2271 testimonio
1499 2246 1680 2286 quorum
1703 2233 1878 2274 nomina

339 2295 574 2337 flavescunt
606 2296 725 2338 infra.
833 2297 924 2352 Ego
956 2297 1221 2349 Dunstanus,
1253 2314 1301 2340 ac
1333 2299 1368 2340 si
1400 2307 1597 2355 peccator
1628 2308 1671 2343 et
1704 2303 1876 2344 nomine

339 2370 512 2406 tantum
534 2365 769 2421 episcopus,
791 2366 900 2407 hanc
929 2366 1144 2409 libertatis
1166 2369 1413 2410 schedulam
1437 2370 1716 2426 impressione
1745 2373 1876 2429 sigilli

338 2434 472 2475 nostri
504 2440 548 2475 et
577 2434 706 2484 anuli,
738 2434 914 2490 insuper
947 2444 991 2477 et
1019 2437 1236 2492 agalmate
1265 2445 1437 2480 sanctae
1467 2440 1615 2489 crucis,
1643 2441 1877 2497 diligenter

338 2503 597 2559 consignavi,
617 2519 666 2544 ac
691 2504 846 2545 deinde
870 2505 1068 2547 manibus
1090 2507 1143 2547 ad
1166 2507 1331 2547 caelum
1354 2508 1542 2549 extensis
1564 2509 1677 2551 dixi:
1709 2510 1756 2552 Si
1779 2511 1875 2567 quis

340 2571 448 2613 hanc
481 2573 801 2614 munificentiae
838 2573 1084 2615 libertatem
1118 2582 1401 2632 sanctumque
1434 2577 1573 2619 locum
1605 2580 1871 2634 praedictum

340 2640 383 2681 in
412 2641 537 2682 terris
559 2641 624 2682 vel
653 2641 829 2683 decimis
852 2642 917 2683 vel
943 2642 1038 2683 aliis
1060 2643 1301 2686 redditibus
1322 2660 1397 2687 seu
1421 2646 1464 2687 in
1486 2647 1629 2703 aliquo
1651 2649 1807 2691 nostris
1830 2657 1874 2691 et

341 2708 497 2751 futuris
529 2709 793 2765 temporibus
823 2711 1110 2753 melioraverit
1140 2713 1205 2753 vel
1235 2713 1471 2764 adauxerit,
1493 2722 1651 2772 augeat
1676 2717 1739 2759 illi
1768 2719 1874 2761 deus

340 2778 644 2833 perpetuitatis
679 2779 1019 2831 beatitudinem3
1068 2787 1198 2837 atque
1241 2782 1285 2823 in
1326 2785 1482 2826 nostris
1523 2787 1788 2829 orationibus
1829 2796 1873 2831 et

339 2846 636 2888 benedictione
669 2847 723 2889 ab
759 2848 957 2889 omnibus
993 2850 1179 2904 peccatis
1215 2852 1304 2893 suis
1339 2853 1525 2896 absoluti
1563 2855 1744 2898 feliciter
1779 2873 1872 2913 per-

340 2920 552 2956 maneant.
613 2915 687 2972 qui
725 2931 821 2957 vero
858 2917 966 2958 hanc
1001 2924 1190 2960 nostram
1224 2922 1528 2965 auctoritatem
1568 2925 1632 2966 vel
1669 2925 1871 2969 immuni-

339 2990 474 3026 tatem
497 2985 728 3042 infringere
752 2987 977 3037 voluerint,
999 2990 1065 3030 vel
1094 2990 1198 3031 alios
1219 2991 1273 3032 ad
1296 2992 1373 3033 hoc
1395 2993 1692 3044 conduxerint,
1715 3002 1759 3037 et
1783 3003 1871 3038 tam

403 3111 422 3142 6
446 3111 490 3142 ad
506 3112 583 3151 nos]
600 3111 660 3143 Ch.
674 3121 681 3142 ι
704 3123 764 3143 om.
779 3112 800 3144 d
811 3113 863 3144 W.
964 3116 983 3147 9
1001 3116 1186 3147 eorundem
1200 3117 1252 3149 W.
1358 3119 1423 3159 vel]
1440 3123 1474 3151 et
1487 3121 1539 3151 W.
1643 3122 1682 3152 12
1699 3122 1770 3154 sint
1783 3123 1804 3154 d
1822 3124 1872 3156 W.

340 3164 379 3196 17
403 3162 610 3194 Romescoth
627 3163 708 3194 dW.
856 3166 894 3195 18
918 3166 1077 3206 Kenulpo
1095 3168 1156 3199 Ch.
1308 3172 1347 3203 19
1372 3171 1800 3212 libertatemJ÷pertinent
1818 3177 1869 3209 W.

339 3217 380 3247 26
396 3216 444 3255 et]
460 3225 520 3246 om.
538 3215 570 3246 d.
675 3217 716 3248 27
733 3216 907 3248 scedulam
925 3218 1006 3250 Ch.:
1032 3219 1186 3251 cedulam
1201 3220 1271 3252 dW
1287 3222 1367 3264 (and
1382 3233 1418 3254 so
1433 3223 1560 3265 below).
1654 3226 1696 3256 30
1713 3230 1873 3258 sanctum

338 3266 596 3307 predictumque
614 3267 725 3298 locum
744 3268 823 3300 Ch.:
850 3273 1007 3302 sanctum
1025 3271 1214 3310 predictum
1231 3273 1412 3313 locumque
1429 3274 1461 3307 d.

1901 840 1917 869 5

1903 1191 1941 1212 10

1898 1888 1938 1909 20

1898 2246 1936 2277 25

1895 2593 1934 2623 30

1894 2939 1932 2969 35
