2385 3891
533 417 597 461 52
834 413 1019 461 Flete’s
1054 412 1279 475 History
1315 412 1381 475 os
1418 411 1480 459 W
1478 411 1767 460 estminster

531 552 634 578 auro
656 542 700 577 et
721 542 898 592 argento
920 550 1048 590 quam
1066 535 1111 575 in
1128 534 1364 590 pecudibus
1382 540 1426 575 et
1443 534 1558 575 omni
1576 549 1731 589 genere
1744 534 2070 590 possessionum,

533 611 576 646 et
598 605 823 646 destruens
845 610 1035 645 veterem
1058 618 1211 644 novam
1234 619 1258 644 a
1280 602 1573 644 fundamentis
1600 602 1820 644 basilicam
1841 602 2071 652 construxi,

533 679 577 714 et
608 679 895 714 constructam
927 672 1114 713 dedicari
1146 671 1225 713 feci
1255 677 1299 712 v⁰
1326 671 1407 713 kal.
1430 671 1650 713 Januarii:
1682 671 1727 712 in
1758 686 1842 727 qua
1873 670 2072 712 collocavi

532 743 625 798 ipsa
646 742 715 783 die
736 742 938 797 reliquias
960 757 1065 797 quas
1087 741 1280 783 Marinus
1301 756 1413 797 papa
1430 747 1474 782 et
1492 741 1578 782 Leo
1595 741 1667 797 qui
1691 756 1789 782 eum
1811 740 2073 782 consecravit

532 813 745 853 dederunt
762 812 936 853 Alfredo
954 812 1056 867 regi,
1071 817 1115 853 et
1132 827 1237 867 quas
1253 811 1344 867 ipse
1358 827 1383 852 a
1397 810 1682 853 Carlomanno
1698 826 1797 867 rege
1813 811 2071 852 Francorum
2095 823 2111 854 5

532 881 623 922 dari
646 881 727 922 sibi
749 881 1023 936 impetravit3
1046 881 1168 936 cujus
1189 881 1322 922 filiam
1344 886 1468 936 pater
1489 881 1582 936 ejus
1604 880 1861 922 Athelwlfus
1883 895 1955 921 rex
1977 884 2073 935 post

534 956 716 991 mortem
738 950 901 1006 primae
924 949 1118 1006 conjugis
1135 950 1318 991 duxerat
1340 949 1384 991 in
1406 964 1594 999 uxorem,
1618 965 1813 1006 quaeque
1835 950 1889 991 ab
1906 949 1998 1005 ipso
2019 948 2072 990 ad

535 1033 817 1060 successorem
840 1019 932 1074 ejus
955 1019 1278 1068 Athelstanum,
1294 1018 1450 1060 deinde
1472 1019 1525 1060 ad
1548 1019 1779 1075 Edgarum,
1796 1019 1850 1060 ad
1867 1018 2071 1060 ultimum

535 1088 587 1129 ad
609 1103 685 1128 nos
706 1093 1011 1143 pervenerunt:
1034 1087 1197 1129 scilicet
1214 1088 1320 1129 duas
1336 1094 1480 1143 partes
1498 1088 1632 1129 crucis
1650 1087 1823 1135 domini,
1844 1093 1887 1129 et
1904 1092 2070 1143 partem

536 1157 664 1198 unius
696 1157 817 1205 clavi,
839 1162 1092 1212 partemque
1124 1157 1297 1198 tunicae
1330 1157 1423 1213 ejus
1454 1158 1741 1208 inconsutilis;
1778 1163 1822 1198 et
1858 1157 1911 1198 de
1944 1156 2071 1198 vesti·
2096 1175 2134 1196 10

537 1226 694 1268 mentis
715 1233 887 1268 sanctae
912 1226 1084 1275 Mariae,
1107 1232 1151 1268 et
1180 1227 1382 1282 reliquias
1411 1227 1701 1282 apostolorum
1732 1226 1848 1268 Petri
1871 1231 1916 1267 et
1938 1225 2073 1275 Pauli,

537 1295 745 1344 Andreae,
798 1295 1127 1345 Bai-tholomaei,
1180 1296 1414 1344 Barnabae,
1465 1302 1509 1337 et
1559 1296 1739 1337 aliorum
1791 1294 2073 1351 plurimorum

536 1371 779 1407 sanctorum
795 1380 804 1416 3
835 1371 878 1406 et
909 1365 1099 1421 quinque
1125 1380 1272 1420 capsas
1300 1365 1395 1405 aliis
1426 1371 1674 1407 sanctorum
1700 1365 1893 1421 reliquiis
1914 1364 2073 1420 plenas.

536 1441 580 1476 et
613 1435 748 1477 statui
782 1441 831 1476 ut
864 1435 1109 1490 quicunque
1143 1450 1240 1475 reus
1276 1434 1418 1490 regiae
1456 1435 1696 1489 majestatis
1738 1435 1805 1475 vel
1842 1433 2073 1490 cujuslibet

535 1504 712 1546 alterius
753 1505 937 1546 offensae
979 1505 1032 1545 ad
1074 1505 1213 1545 locum
1255 1504 1298 1545 in
1348 1520 1431 1560 quo
1478 1510 1663 1560 pausant
1710 1504 1819 1546 istae
1867 1503 2073 1559 reliquiae
2097 1520 2133 1550 15

536 1574 787 1630 confugerit,
810 1575 902 1630 ejus
924 1574 985 1616 rei
1008 1580 1052 1615 et
1075 1574 1363 1615 membrorum
1386 1590 1434 1615 ac
1457 1574 1572 1616 vitae
1599 1574 1907 1630 impunitatem
1929 1588 2072 1614 conse-

536 1648 704 1697 quatur.
766 1643 915 1684 eodem
937 1643 1006 1684 die
1028 1643 1241 1691 renovavi,
1263 1643 1510 1684 confirmavi
1533 1649 1576 1684 et
1599 1643 1823 1684 emendavi
1848 1642 2075 1698 privilegia

537 1727 645 1768 quae
684 1713 991 1753 famosissimus
1024 1727 1129 1753 avus
1160 1727 1282 1753 meus
1315 1712 1521 1768 Edgarus,
1544 1718 1810 1768 patruusque
1843 1726 1964 1753 meus
1994 1711 2074 1753 deo

537 1781 733 1823 amabilis
754 1797 828 1823 rex
846 1788 890 1823 et
905 1788 1068 1838 martyr
1083 1782 1292 1837 gloriosus
1311 1782 1545 1822 Edwardus
1562 1782 1754 1837 ejusdem
1774 1781 1932 1837 Edgari
1949 1781 2074 1830 filius,

537 1856 581 1892 et
607 1850 903 1891 sanctissimus
932 1856 1056 1906 pater
1084 1851 1339 1891 Dunstanus
1369 1850 1693 1892 Cantuariensis
1721 1850 2074 1906 archiepiscopus,
2096 1872 2136 1893 20

539 1936 587 1962 ac
609 1920 828 1977 piissimus
850 1936 923 1962 rex
947 1920 1237 1962 Etheldredus
1262 1926 1388 1976 pater
1416 1935 1537 1962 meus
1566 1920 1629 1961 illi
1658 1921 1746 1962 loco
1778 1920 2077 1962 contulerunt:

538 2005 677 2032 meam
719 2006 888 2046 quoque
920 1991 1225 2032 auctoritatem
1262 1990 1399 2046 adjeci
1429 1996 1717 2046 augmentans
1748 1990 1919 2031 decreta
1950 1990 2077 2031 utilia

538 2060 832 2102 admonitione
855 2061 1166 2102 venerabilium
1184 2061 1598 2117 archiepiscoporum
1617 2061 1819 2117 Stigandi
1836 2067 1880 2103 et
1897 2061 2076 2102 Aldredi

537 2136 581 2172 et
612 2130 791 2171 aliorum
825 2130 1085 2185 optimatum
1118 2146 1321 2181 meorum,
1348 2131 1549 2172 videlicet
1578 2137 1627 2172 ut
1658 2131 1730 2172 ille
1758 2131 1874 2172 locus
1905 2130 1950 2172 in
1981 2145 2074 2186 per-

537 2205 719 2255 petuum
741 2200 795 2241 ab
817 2200 932 2241 omni
955 2200 1159 2241 saeculari
1182 2200 1356 2241 servitio
1378 2200 1435 2241 sit
1457 2200 1575 2250 liber,
1597 2206 1674 2242 etc.
2096 2217 2111 2238 2
2119 2218 2135 2248 5

625 2269 681 2309 Et
718 2274 768 2309 ut
800 2269 943 2309 omnia
974 2269 1236 2318 concludam,
1268 2269 1414 2309 nullus
1447 2269 1770 2310 succedentium
1807 2283 1958 2325 regum
2000 2284 2077 2324 per

537 2337 624 2378 vim
657 2343 732 2378 aut
763 2352 840 2393 per
870 2338 1225 2379 consuetudinem
1258 2344 1432 2393 pastum
1464 2337 1518 2378 ab
1555 2352 1700 2379 eorum
1738 2337 2076 2393 possessionibus

538 2407 695 2463 exigat,
742 2407 816 2448 sed
867 2407 1156 2448 omnimodam
1209 2407 1456 2448 libertatem
1508 2407 1822 2463 perpetualiter
1876 2407 2075 2448 habeant.

537 2482 634 2533 post
683 2477 793 2518 hanc
838 2477 1114 2518 donationem
1166 2476 1647 2518 excommunicaverunt
1694 2491 1841 2517 omnes
1888 2475 2075 2531 episcopi

539 2554 583 2588 et
619 2547 797 2588 abbates
834 2548 969 2589 totius
1006 2547 1202 2603 Angliae,
1239 2553 1283 2589 et
1324 2547 1522 2588 monachi
1563 2562 1612 2588 ac
1652 2546 1805 2595 clerici,
1838 2545 2074 2587 secundum
2095 2563 2136 2594 30

537 2616 759 2672 apostolici
801 2617 956 2658 Leonis
997 2622 1288 2672 praeceptum,
1330 2632 1406 2658 eos
1447 2616 1521 2672 qui
1563 2617 1640 2657 hoc
1681 2615 1969 2657 constitutum
2011 2615 2073 2656 in-

538 2685 776 2741 fringerent
799 2685 864 2726 vel
895 2685 1072 2741 infringi
1098 2685 1404 2741 permitterent
1426 2691 1640 2741 quantum
1663 2684 1707 2725 in
1730 2684 1833 2740 ipsis
1855 2689 1978 2725 esset.
2039 2683 2075 2725 si

536 2755 633 2810 quis
674 2769 774 2809 ergo
817 2754 925 2795 hanc
966 2761 1156 2796 nostram
1199 2755 1473 2796 donationem
1517 2769 1674 2809 augere
1717 2760 1761 2795 et
1812 2753 2074 2809 amplificare

538 2823 732 2872 voluerit,
761 2829 919 2877 augeat
946 2823 1051 2865 deus
1080 2824 1171 2864 dies
1200 2825 1293 2879 ejus
1321 2839 1544 2879 prosperos
1573 2823 1641 2864 hic
1670 2829 1714 2864 et
1745 2823 1790 2864 in
1822 2823 1978 2865 futuro.
2039 2823 2075 2864 si

537 2899 684 2934 autem
737 2893 930 2933 evenerit
982 2898 1032 2933 ut
1082 2892 1238 2948 aliquis
1290 2899 1366 2934 aut
1426 2907 1575 2948 regum
1631 2892 1955 2934 succedentium
2007 2892 2073 2934 vel
2095 2908 2133 2939 35

537 2960 662 3015 alicuj
671 2976 719 3002 us
740 2975 945 3016 personae
968 2961 1105 3010 homo,
1127 2961 1240 3016 quod
1263 2977 1348 3002 non
1369 2967 1581 3017 optamus,
1595 2960 1805 3001 diabolica
1826 2960 2074 3002 temeritate

601 3105 620 3134 3
645 3103 801 3134 dedicare
819 3105 871 3136 W.
995 3106 1014 3136 6
1038 3116 1098 3136 om.
1117 3105 1191 3136 dari
1208 3105 1260 3136 W.
1373 3103 1609 3144 Athelwlphus
1626 3103 1680 3134 W.
1803 3104 1844 3134 10
1868 3103 2020 3134 vestibus
2036 3103 2073 3134 d:

536 3156 592 3185 sed
609 3166 692 3186 corr.
711 3166 811 3186 manu
828 3158 1021 3187 recentiore.
1135 3158 1174 3187 14
1198 3156 1400 3196 magestatis
1418 3156 1507 3196 regie
1524 3156 1556 3187 d.
1669 3157 1707 3188 19
1733 3166 1791 3187 om.
1814 3155 2004 3187 Edwardus
2020 3155 2073 3187 W.

537 3207 578 3237 30
602 3208 655 3246 ac]
672 3210 705 3237 et
722 3207 775 3238 W.
945 3209 984 3239 31
1010 3208 1230 3248 infringerint
1247 3209 1298 3241 W.
1473 3211 1513 3240 33
1538 3219 1615 3240 vero
1632 3208 1722 3240 hanc
1739 3208 1964 3240 donationem
1981 3207 2001 3239 d
2017 3209 2074 3239 sed

536 3267 618 3288 corr.
640 3268 726 3289 man.
744 3269 808 3290 rec.
