2385 3891
204 1099 312 1130 ofthe

201 1142 359 1183 Apostles
373 1155 380 1181 ;

203 2145 241 2175 of
256 2144 405 2185 Martyrs
420 2157 428 2183 ;

486 416 548 462 70
791 412 973 462 Flete’s
1009 412 1233 477 History
1270 415 1337 477 of
1372 412 1718 464 Westmiozfster

484 538 663 594 angelus
694 537 864 593 quando
895 537 1012 578 illam
1045 537 1264 587 salutavit,
1285 537 1337 579 de
1363 538 1485 587 lacte,
1506 538 1558 579 de
1587 538 1764 594 capillis,
1787 538 1839 579 de
1870 537 2019 579 calcia-

486 607 644 648 mentis
666 613 710 648 et
726 607 779 648 de
796 607 906 648 lecto
924 607 1039 662 ejus,
1071 606 1178 647 item
1195 621 1345 647 zonam
1363 622 1490 662 quam
1510 607 1603 663 ipsa
1619 607 1800 664 propriis
1823 607 2021 648 manibus

486 681 661 731 operata
703 682 768 717 est
810 683 854 717 et
896 676 1114 725 utebatur,
1154 681 1285 731 atque
1327 682 1473 718 sancto
1515 677 1704 718 Thomae
1745 676 1936 732 apostolo
1977 675 2020 715 in

485 744 777 799 assumptione
800 760 878 785 sua
899 744 1075 786 dimisit.
1136 760 1209 785 rex
1232 745 1507 787 Athelstanus
1527 746 1649 787 dedit
1672 745 1885 801 quoddam
1909 744 2020 785 vela-

486 827 584 853 men
615 819 787 854 sanctae
820 812 981 854 Mariae
1013 813 1202 869 virginis.
1266 813 1363 868 Offa
1393 829 1466 855 rex
1495 813 1770 855 orientalium
1802 814 2021 855 Saxonum

486 896 731 937 cypressum
753 888 797 924 et
818 883 871 923 de
893 883 1086 939 sepulcro
1108 883 1211 938 ejus.
1287 888 1461 924 sanctus
1493 884 1673 925 Thomas
1701 882 2023 925 Camtuariens‘isff

486 953 828 1009 archiepiscopus
850 953 1010 994 obtulit
1031 959 1178 994 sancto
1201 953 1408 994 Edwardo
1426 953 1659 1009 imaginem
1676 954 1828 995 beatae
1846 953 2024 1010 virginis

487 1025 731 1073 eburneam,
752 1022 975 1079 pulchram
998 1022 1127 1064 nimis
1150 1030 1193 1064 et
1215 1023 1297 1064 sibi
1319 1023 1680 1079 specialissimam.

573 1093 636 1134 De
666 1093 862 1148 reliquiis
885 1099 1125 1135 sanctorum
1154 1093 1449 1147 apostolormn.
1511 1094 1563 1134 de
1590 1094 1700 1135 dono
1728 1093 1840 1149 regis
1867 1092 2025 1135 δεῦεν-η’

486 1163 630 1219 plures
651 1167 796 1218 partes
817 1176 937 1203 cerae
968 1168 1012 1203 et
1042 1161 1204 1203 incensi
1232 1177 1257 1202 a
1282 1162 1410 1203 beato
1438 1163 1564 1204 Petro
1590 1163 1782 1218 apostolo
1809 1176 2023 1203 consecra-

487 1239 629 1274 torum
661 1236 786 1272 nocte
822 1230 1036 1273 dominica
1072 1231 1116 1272 in
1148 1231 1417 1272 dedicatione
1450 1232 1579 1287 hujus
1614 1232 1693 1273 loci
1729 1247 1805 1288 per
1840 1231 2024 1272 eundem

486 1301 740 1358 apostolum,
764 1306 807 1342 et
836 1301 888 1342 de
912 1300 1184 1342 vestimentis
1206 1301 1262 1341 xii
1294 1302 1595 1357 apostolorum.
1656 1301 1931 1343 Athelstcmus
1953 1315 2025 1341 rex

487 1371 608 1413 dedit
658 1370 860 1426 reliquias
910 1370 1198 1426 apostolorum
1252 1371 1380 1421 Petri,
1434 1371 1765 1420 Bartholomaei‚
1812 1370 2023 1419 Andreae,

488 1441 721 1483 Barnabae.
783 1447 956 1482 sanctus
979 1441 1221 1482 Edwardus
1243 1456 1316 1482 rex
1339 1447 1383 1482 et
1405 1444 1616 1483 confessor
1637 1441 1821 1482 contulit
1844 1441 1951 1496 pilos
1972 1440 2025 1481 de

486 1511 620 1553 barba
651 1510 788 1552 sancti
822 1510 939 1551 Petri
972 1517 1016 1552 et
1047 1516 1214 1566 partem
1252 1511 1388 1564 crucis
1425 1511 1529 1567 ejus,
1561 1511 1857 1567 maniphoram
1889 1510 2024 1551 sancti
2069 1528 2085 1557 5

489 1581 623 1630 Pauli,
656 1580 856 1622 videlicet
886 1580 1103 1636 quoddam
1136 1580 1331 1621 velamen
1373 1595 1456 1636 quo
1488 1586 1619 1636 caput
1651 1580 1744 1635 ejus
1776 1585 2025 1621 truncatum

488 1659 579 1692 erat
596 1650 853 1699 involutum,
868 1656 911 1691 et
929 1665 1065 1691 unum
1082 1649 1270 1705 digitum
1289 1655 1333 1691 et
1350 1649 1603 1705 sanguinem
1623 1649 1815 1705 ejusdem
1834 1648 2027 1704 apostoli,

487 1722 612 1777 plura
633 1736 726 1762 ossa
747 1720 885 1762 sancti
907 1720 1105 1761 Andreae
1124 1725 1168 1761 et
1190 1726 1357 1775 partem
1380 1720 1432 1760 de
1455 1735 1577 1761 cruce
1600 1719 1727 1768 illius,
1742 1719 1958 1775 quoddam
1981 1733 2027 1759 os

488 1791 624 1832 sancti
641 1790 790 1832 Jacobi
809 1789 993 1845 majoris,
1008 1796 1052 1831 et
1073 1789 1275 1845 reliquias
1289 1790 1577 1846 apostolorum
1597 1789 1785 1845 Philippi
1804 1795 1847 1830 et
1864 1788 2026 1837 Jacobi‚

488 1860 662 1902 brachia
690 1865 934 1901 sanctorum
963 1859 1255 1913 apostolorum
1282 1858 1602 1900 Bartholomaei
1632 1865 1676 1899 et
1705 1859 1906 1906 Thomae,
1929 1873 2026 1899 eum

488 1930 583 1972 aliis
618 1929 811 1986 reliquiis
847 1929 1138 1985 apostolorum
1182 1929 1416 1977 Barnabae,
1452 1928 1678 1978 Matthaei,
1716 1933 1759 1969 et
1802 1927 2026 1969 Matthiae.

488 1999 662 2041 domina
687 1999 896 2048 Matildz's,
917 1999 1029 2040 bona
1058 1998 1216 2054 regina,
1240 1997 1400 2039 obtulit
1426 1996 1628 2052 reliquias
1657 1996 1709 2037 de
1738 1997 1882 2037 casula
1904 2002 1948 2037 et
1976 1996 2028 2037 de

490 2068 683 2110 vestibus
704 2067 841 2110 sancti
863 2068 890 2109 J
895 2067 1075 2108 ohannis
1097 2066 1398 2123 evangelistae.

575 2138 798 2193 Reliquiae
828 2143 1070 2179 sanctorum
1097 2143 1349 2192 martyrum.
1423 2136 1686 2178 Adelstcmus
1714 2150 1787 2176 rex
1820 2135 2028 2177 concessit

488 2207 691 2264 reliquias
728 2213 972 2249 sanctorum
1010 2212 1250 2261 martyrum
1282 2204 1519 2252 Laurentii,
1553 2204 1795 2259 Hippolyti,
1828 2203 2028 2252 Tiburtii,

490 2276 721 2326 Valeriani,
757 2275 972 2328 Quffltini,
1014 2290 1111 2316 cum
1160 2274 1265 2315 aliis.
1339 2289 1411 2315 rex
1456 2273 1658 2329 Edgyczrus
1700 2272 1821 2313 dedit
1864 2271 2028 2328 lapides

490 2346 647 2402 quibus
675 2350 849 2386 sanctus
880 2344 1131 2400 Stephanus
1153 2343 1370 2399 lapidatus
1393 2342 1486 2392 fuit,
1509 2348 1553 2384 et
1575 2342 1784 2398 quaedam
1809 2357 1902 2383 ossa
1930 2357 2027 2402 cum

490 2414 699 2471 sanguine
731 2414 949 2469 ejusdem3
990 2413 1144 2454 tibiam
1177 2428 1307 2454 unam
1345 2427 1442 2453 cum
1479 2411 1607 2453 costis
1640 2417 1683 2452 et
1720 2411 1816 2452 aliis
1848 2410 2028 2452 minutis

490 2486 655 2528 ossibus
688 2491 934 2526 sanctorum
972 2483 1299 2533 Innocentium;
1341 2483 1446 2524 item
1484 2482 1590 2523 duas
1622 2487 1759 2523 costas
1791 2487 1835 2523 et
1869 2487 2027 2523 terram

490 2556 694 2598 infectam
716 2554 925 2611 sanguine
947 2553 1084 2595 sancti
1106 2552 1342 2604 Laurentii,
1359 2558 1444 2594 tres
1465 2557 1603 2594 costas
1625 2551 1761 2593 sancti
1785 2551 2028 2608 Hippolyti,

489 2626 641 2667 dentes
681 2630 926 2666 sanctorum
968 2623 1117 2679 Magni
1158 2628 1202 2664 et
1244 2622 1559 2678 Symphoriani,
1588 2637 1685 2663 cum
1727 2636 1850 2662 cruce
1891 2621 2029 2662 sancti

490 2692 669 2743 Felicis3
700 2692 806 2734 item
828 2691 1031 2746 reliquias
1057 2690 1194 2732 sancti
1217 2689 1391 2745 Georgii
1414 2694 1458 2730 et
1480 2688 1728 2731 Sebastiani
1753 2703 1850 2729 cum
1872 2688 1969 2730 aliis
1991 2704 2029 2738 X,

491 2761 598 2803 item
633 2760 837 2816 reliquias
871 2759 1007 2800 saneti
1044 2758 1256 2800 Johannis
1291 2757 1508 2814 baptistae
1545 2763 1589 2798 et
1624 2756 1760 2812 patris
1796 2772 1843 2798 ac
1881 2757 2030 2798 matris

493 2830 698 2886 ejusdem,
733 2835 777 2870 et
807 2828 1010 2884 reliquias
1041 2833 1287 2869 sanctorum
1318 2826 1530 2868 <Iohannis
1562 2832 1605 2867 et
1639 2826 1773 2875 Pauli,
1808 2826 2029 2867 brachium

493 2898 629 2940 sancti
656 2897 875 2939 Vincentii
901 2896 1112 2952 martyris.
1159 2895 1411 2938 Ethelredus
1436 2910 1509 2936 rex
1535 2894 1655 2936 dedit
1681 2894 1884 2950 reliquias
1910 2910 2028 2936 sanc-

494 2974 636 3009 torum
659 2966 872 3016 Basilidis,
889 2965 1037 3016 Cirini,
1059 2965 1245 3007 Naboris
1267 2970 1311 3006 et
1333 2964 1518 3014 Nazerii,
1535 2979 1632 3005 cum
1654 2963 1749 3005 aliis
1772 2963 2028 3019 quindecim.

494 3052 569 3078 rex
601 3035 754 3078 Onucto
786 3035 970 3077 eontulit
995 3034 1219 3076 brachium
1244 3033 1382 3076 sancti
1412 3033 1568 3076 Ciriaci
1594 3039 1638 3074 et
1666 3032 1869 3088 reliquias
1893 3033 2030 3075 sancti

497 3105 693 3147 Edwardi
725 3105 838 3162 regis
869 3111 914 3146 et
949 3104 1161 3161 martyris,
1190 3119 1325 3146 unum
1362 3103 1550 3159 digitum
1586 3102 1723 3144 sancti
1757 3103 1944 3159 Alphegi
1986 3109 2030 3145 et

496 3175 629 3216 alium
650 3175 787 3217 sancti
809 3175 982 3231 Georgii
1005 3190 1102 3216 cum
1124 3174 1219 3215 aliis
1241 3174 1406 3216 ossibus
1427 3173 1631 3229 ejusdem.
1693 3188 1766 3213 rex
1792 3173 1888 3228 Offa
1909 3173 2029 3214 dedit

1122 3256 1161 3286 16
1185 3255 1276 3294 quod
1291 3254 1333 3285 W
1351 3255 1409 3294 Sp.

2049 1179 2086 1200 10

2048 1873 2089 1894 20

2047 2219 2085 2249 25

2049 2571 2089 2601 30

2049 2915 2087 2946 35
