2385 3891
86 1681 146 1713 XI.
191 1681 294 1712 From

88 1725 146 1757 the
165 1724 297 1757 Second

87 1769 230 1800 Charter
245 1768 282 1800 of

89 1813 128 1845 St
144 1811 302 1843 Edward.

87 1855 139 1888 Cf.
160 1858 168 1872 ‘
181 1856 322 1886 Domes-

88 1899 154 1939 day
165 1899 172 1913 '
190 1899 213 1931 f.
234 1900 275 1929 42
287 1900 315 1930 b.

1007 432 1256 481 Clam-tem
1839 436 1902 479 59

456 558 547 613 Ego
565 557 819 599 Athelsinus
837 558 1059 614 episcopus
1077 557 1424 599 Scireburnensis
1441 557 1642 599 ecclesiae
1659 557 1905 612 supradicta

368 625 428 666 sic
464 626 674 667 conclusi:
721 626 993 682 Quicumque
1032 626 1204 667 inferior
1242 626 1306 667 vel
1343 625 1567 667 sublimior
1602 631 1750 666 contra
1791 625 1905 665 hunc

369 694 563 736 libellum
600 696 830 752 quicquam
863 696 1085 737 sinistrum
1119 696 1276 737 audere
1312 695 1660 751 praesumpserit,
1693 694 1815 736 vivus
1851 694 1904 735 ad

370 763 525 805 inferos
566 771 763 820 arreptus
814 765 928 806 inter
969 765 1113 806 omnia
1154 771 1365 821 perpetua
1408 765 1519 806 mala
1560 765 1601 806 in
1646 770 1905 820 perpetuum

370 832 610 876 damnetur.
1927 848 1943 878 5

457 903 583 943 Anno
609 902 663 944 ab
691 902 983 944 incarnatione
1009 902 1171 943 domini
1194 904 1521 959 nongentesimo
1549 903 1907 960 quinquagesimo

369 985 491 1019 nono,
519 971 689 1026 imperii
718 977 866 1012 autem
894 971 1066 1027 gloriosi
1096 971 1206 1027 regis
1238 972 1396 1028 Edgari
1426 979 1592 1028 quarto,
1618 988 1696 1029 ego
1722 973 1908 1014 Alredus

369 1040 500 1082 abbas
516 1041 625 1081 hanc
638 1040 886 1082 schedulam
901 1041 1266 1096 scripsi,kalendis
1280 1042 1452 1097 Aprilis,
1468 1042 1664 1098 episcopo
1680 1043 1908 1084 Dunstano

370 1116 560 1166 rogante,
593 1126 722 1166 quam
760 1110 874 1152 idem
911 1110 1135 1166 episcopus
1172 1111 1482 1152 Londoniensis
1520 1117 1564 1153 et
1603 1112 1908 1168 Wigornensis,

370 1195 536 1221 necnon
568 1187 611 1222 et
644 1181 780 1222 totius
811 1181 996 1236 Angliae
1029 1181 1227 1230 decanus,
1250 1195 1379 1236 super
1408 1181 1543 1222 altare
1575 1181 1692 1222 beati
1720 1182 1836 1223 Petri
1863 1181 1907 1222 in
1932 1198 1968 1219 10

370 1249 519 1291 eadem
552 1250 739 1299 ecclesia,
771 1265 880 1306 quae
913 1250 1111 1292 manibus
1144 1250 1349 1306 angelicis
1383 1256 1627 1291 consecrata
1659 1251 1908 1300 dinoscitur,

370 1319 541 1370 obtulit,
577 1325 708 1375 atque
743 1320 904 1361 ibidem
942 1320 985 1361 in
1023 1336 1177 1361 aevum
1213 1325 1388 1376 propter
1423 1319 1678 1376 iniquitates
1712 1320 1906 1362 simulta-

370 1389 594 1444 tionesque
629 1389 884 1437 futurorum,
917 1394 1048 1444 atque
1082 1389 1306 1445 inopinata
1340 1389 1452 1430 mala
1485 1404 1594 1445 quae
1628 1405 1754 1446 saepe
1788 1405 1908 1446 prae-

370 1458 541 1499 dicebat
581 1458 739 1508 futura,
780 1474 874 1499 eam
916 1459 1075 1500 servari
1116 1459 1169 1500 ad
1212 1458 1503 1500 defensionem
1547 1460 1625 1501 loci
1667 1460 1908 1516 praecepit:

369 1528 604 1570 indictione
636 1543 734 1570 vero
765 1528 962 1570 secunda.
1934 1544 1968 1574 15

422 1643 448 1657 ‚

457 1665 710 1722 Capitulum
753 1666 1039 1708 undecimum.
1101 1667 1153 1708 In
1191 1667 1339 1709 charta
1381 1669 1518 1710 sancti
1562 1670 1759 1712 Edwardi
1801 1686 1910 1727 quae

369 1736 528 1777 dicitur
557 1735 744 1777 secunda
774 1735 834 1777 sic
866 1736 1060 1779 habetur.

458 1823 511 1863 In
536 1822 709 1864 nomine
738 1828 910 1864 sanctae
940 1829 985 1865 et
1010 1824 1258 1866 individuae
1286 1825 1508 1868 trinitatis.
1570 1841 1648 1883 ego
1676 1827 1911 1869 Edwardus

371 1892 441 1934 dei
462 1893 602 1948 gratia
623 1893 863 1949 Anglorum
886 1909 972 1941 reX‚
990 1895 1149 1936 futuris
1170 1901 1267 1951 post
1290 1911 1357 1937 me
1379 1896 1564 1952 regibus,
1587 1897 1809 1953 episcopis,
1831 1904 1909 1940 etc.

372 1978 469 2004 cum
491 1962 588 2019 piae
611 1963 847 2005 voluntatis
869 1963 1141 2007 desiderium.
1205 1971 1249 2007 et
1270 1966 1402 2008 infra:
1930 1988 1970 2009 20

460 2031 734 2087 Quapropter
764 2032 931 2074 noverit
963 2034 1254 2088 praesentium
1289 2035 1618 2091 futurorumque
1651 2036 1909 2078 universitas

372 2101 485 2157 quod
506 2101 780 2143 fidelissimus
802 2108 947 2143 noster
970 2103 1200 2145 Wlnothus
1222 2105 1354 2146 abbas
1376 2112 1420 2146 et
1442 2106 1639 2147 monachi
1662 2107 1910 2148 monasterii

372 2177 438 2212 ter
470 2171 587 2212 beati
619 2171 907 2226 apostolorum
934 2171 1139 2227 principis
1169 2172 1285 2213 Petri
1315 2174 1543 2228 peculiaris
1576 2176 1747 2230 patroni
1776 2176 1911 2217 nostri

371 2240 574 2281 adierunt
600 2239 878 2280 serenitatem
901 2246 1092 2281 nostram
1122 2241 1347 2283 humiliter
1368 2243 1650 2285 obsecrantes.
1712 2251 1755 2286 et
1778 2245 1911 2286 infra:

458 2309 602 2364 Igitur
622 2308 814 2350 fidelium
837 2314 1079 2350 nostrorum
1102 2315 1232 2365 atque
1255 2310 1545 2365 palatinorum
1568 2312 1634 2353 usi
1656 2312 1844 2362 consilio,
1867 2318 1911 2354 et

373 2378 451 2420 hoc
480 2378 788 2434 prospicientes
814 2378 896 2434 ipsi
928 2379 1130 2420 ecclesiae
1157 2386 1201 2421 et
1228 2380 1528 2422 habitantibus
1554 2381 1599 2422 in
1628 2396 1678 2423 ea
1702 2382 1792 2424 sive
1817 2397 1911 2439 per-

373 2447 616 2489 tinentibus
645 2447 698 2488 ad
725 2463 820 2489 eam
851 2445 957 2489 utile
984 2449 1083 2498 fore,
1105 2463 1188 2489 non
1216 2449 1354 2490 solum
1380 2449 1426 2490 in
1451 2451 1668 2505 praesenti
1697 2451 1771 2493 sed
1797 2458 1842 2493 et
1867 2452 1913 2493 in

373 2518 529 2567 futuro,
570 2533 721 2574 regum
763 2518 837 2574 qui
880 2518 1056 2559 fuerunt
1096 2525 1197 2559 ante
1239 2534 1315 2560 nos
1356 2519 1539 2569 decreta,
1575 2521 1649 2562 secl
1690 2528 1735 2562 et
1775 2522 1913 2563 sancti

373 2587 592 2629 Dunstani
632 2587 921 2643 privilegium,
963 2593 1007 2629 et
1048 2588 1329 2644 Anglicorum
1372 2589 1668 2645 episcoporum
1710 2607 1784 2633 seu
1829 2592 1911 2633 Ro-

373 2672 597 2698 manorum
634 2657 964 2712 apostolicorum
1005 2658 1232 2714 privilegia
1272 2659 1409 2699 sancti
1452 2666 1496 2701 et
1532 2660 1694 2716 egregii
1731 2662 1911 2716 apostoli
1934 2683 1974 2713 30

375 2726 492 2767 Petri
544 2726 803 2767 monasterio
854 2726 1034 2775 indulta,
1086 2742 1162 2782 per
1212 2728 1321 2768 hanc
1377 2729 1692 2784 praeceptionis
1742 2737 1913 2772 nostrae

374 2795 577 2851 paginam
610 2795 879 2837 decernimus
914 2795 957 2836 in
992 2803 1252 2852 perpetuum
1284 2798 1513 2848 servanda3
1546 2804 1590 2840 et
1621 2805 1671 2840 ut
1702 2799 1793 2841 sine
1825 2801 1913 2843 ulla

373 2864 698 2920 perturbatione
741 2865 807 2906 vel
853 2865 1156 2921 inquietudine
1204 2867 1392 2923 episcopi
1440 2868 1751 2911 Londoniensis
1791 2870 1911 2911 cleri-

372 2949 571 2975 corumve
593 2934 687 2990 ejus
716 2935 867 2976 fratres
896 2935 1057 2976 ibidem
1084 2936 1372 2991 omnipotenti
1399 2937 1477 2978 deo
1504 2938 1676 2979 valeant
1703 2939 1914 2989 famulari,

373 3008 417 3044 et
437 3018 513 3059 pro
534 3003 657 3045 nobis
683 3003 787 3059 ipsis
810 3010 854 3045 et
879 3004 1121 3046 stabilitate
1144 3005 1265 3061 regni
1288 3006 1422 3047 nostri
1445 3007 1659 3049 attentius
1681 3007 1912 3064 deprecari,
1933 3029 1972 3060 35

372 3072 545 3114 omnino
574 3073 794 3129 generales
820 3088 967 3114 eorum
996 3089 1189 3116 accessus
1214 3075 1265 3116 ad
1298 3076 1608 3118 monasterium
1634 3078 1912 3133 prohibemus

439 3182 455 3212 1
483 3181 634 3213 Schireb.
653 3181 688 3212 d:
716 3181 850 3212 Sliireb.
868 3181 922 3212 W.
1076 3184 1094 3213 6
1119 3183 1239 3214 dcccmo
1255 3183 1308 3214 1’110
1324 3184 1390 3214 ix¹¹⁰
1407 3184 1437 3216 d.
1591 3187 1631 3216 22
1655 3186 1842 3218 Wulnotus
1859 3188 1911 3219 W.

373 3234 414 3264 23
438 3234 505 3273 ter]
521 3243 581 3264 om.
599 3232 689 3263 dW:
715 3233 771 3263 sed
787 3234 865 3264 add.
884 3244 986 3273 supra
1005 3235 1063 3266 lz'n.
1083 3234 1114 3267 d.
1274 3235 1365 3266 Petri
1378 3241 1454 3276 post
1472 3236 1563 3268 beati
1581 3236 1634 3268 W.
1790 3239 1831 3269 36
1855 3238 1913 3278 ad]

381 3285 546 3319 ÷dictum
564 3285 585 3316 d
603 3284 676 3324 (but
693 3285 865 3316 cancelled
882 3285 994 3328 later).
