2385 3891
614 451 841 501 Thomas
877 453 1093 517 Henleps,
1131 454 1309 504 Simon
1347 455 1657 505 Bircleeston
1811 461 1903 505 129

363 589 599 631 congruum
642 577 972 619 sustentationis
1006 578 1346 634 gubernaculum
1388 581 1582 622 dotatam
1625 582 1904 624 vehementer

362 644 659 696 condolentesg
710 646 919 697 dedimus,
960 649 1256 698 concessimus,
1292 656 1336 691 et
1388 650 1453 691 his
1497 651 1796 706 praesentibus
1837 667 1899 693 re-

362 714 557 755 misimus
585 721 629 757 et
658 716 958 758 confirmamus
989 718 1189 759 ecclesiae
1216 726 1383 761 nostrae
1417 720 1672 770 antedictae,
1700 721 1829 776 priori
1856 729 1900 764 et

360 782 591 822 conventui
621 783 826 838 ejusdem,
855 784 1070 825 nundinas
1097 786 1233 827 sancti
1263 787 1375 843 regis
1402 787 1611 838 Edwardi‚
1639 788 1700 844 pii
1729 789 1898 844 patroni

360 850 518 901 nostri3
548 866 596 892 ac
627 851 757 893 etiam
789 852 1102 908 assignavimus
1133 860 1264 910 atque
1298 862 1394 897 voto
1420 857 1614 898 unanimi
1648 864 1692 899 et
1723 873 1896 900 assensu
1920 875 1935 904 5

359 919 537 974 capituli
580 921 714 961 nostri
763 921 1065 972 ordinavimus,
1107 924 1221 979 quod
1270 930 1411 966 totum
1460 927 1803 968 emolumentum
1844 927 1896 969 de

359 987 519 1028 eisdem
549 989 774 1031 annuatim
807 990 1072 1045 proveniens,
1101 1006 1363 1047 quamquam
1395 993 1449 1034 ad
1479 1008 1554 1035 nos
1583 1000 1627 1035 et
1655 995 1895 1050 portionem

357 1062 546 1098 nostram
579 1058 703 1099 solito
735 1059 958 1114 pertinuit,
990 1060 1114 1101 cedat
1150 1062 1301 1102 amodo
1338 1062 1380 1103 in
1420 1078 1544 1104 usum
1577 1070 1620 1105 et
1657 1064 1893 1106 utilitatem

71 1130 139 1179 For
156 1130 215 1180 the
357 1127 497 1181 operis
528 1127 766 1169 claustralis
798 1135 842 1169 et
874 1128 1092 1170 locutorii:
1133 1129 1290 1185 quibus
1321 1131 1511 1186 plenarie
1544 1133 1738 1188 peractis,
1770 1134 1894 1175 cedat

70 1173 295 1251 fflglfflgiffig„
357 1195 511 1237 deinde
544 1197 677 1238 totale
709 1197 902 1253 ejusdem
939 1198 1175 1254 proficuum
1209 1199 1252 1240 in
1285 1201 1659 1251 sustentationem,
1692 1217 1816 1243 usum
1850 1210 1894 1244 et
1919 1218 1955 1239 ιο

356 1265 697 1321 gubernaculum
733 1266 872 1321 operis
908 1281 1041 1308 novae
1078 1268 1261 1310 fabricae
1298 1276 1467 1311 nostrae
1499 1270 1700 1312 ecclesiae
1735 1285 1892 1312 memo-

356 1341 490 1376 ratae:
522 1335 765 1376 conditione
795 1342 940 1377 tamen
969 1337 1056 1385 tali,
1079 1338 1191 1393 quod
1221 1339 1403 1395 singulis
1428 1339 1562 1389 annis,
1585 1346 1813 1396 postquam
1840 1340 1893 1381 ab

356 1403 433 1444 hac
460 1404 552 1445 luce
580 1403 916 1459 migraverimus,
945 1405 1145 1447 dicantur
1180 1407 1333 1448 diebus
1368 1408 1649 1450 anniversarii
1680 1409 1814 1450 nostri
1848 1409 1892 1450 in

353 1478 611 1528 perpetuum
644 1488 718 1529 pro
749 1473 894 1515 anima
934 1482 1081 1516 nostra
1114 1476 1294 1518 Placebo
1326 1483 1370 1519 et
1402 1477 1552 1534 Dirige
1584 1493 1682 1519 cum
1714 1486 1817 1520 nota
1848 1479 1891 1520 in

352 1550 578 1593 conventu,
615 1558 712 1584 cum
761 1544 941 1585 solemni
989 1545 1233 1600 pulsatione
1282 1562 1585 1603 campanarum
1605 1562 1614 1598 3
1663 1554 1706 1589 et
1747 1548 1890 1590 distri·
1916 1562 1950 1592 ¹5

351 1612 553 1661 buantur,
581 1628 657 1668 per
688 1628 840 1655 manus
871 1613 1073 1655 sacristae
1105 1614 1178 1670 qui
1212 1630 1286 1671 pro
1318 1622 1511 1672 tempore
1543 1617 1685 1666 fuerit,
1714 1618 1892 1660 cuilibet

352 1681 404 1722 de
422 1688 635 1723 conventu
655 1682 684 1723 ii
702 1682 857 1724 solidos
874 1683 1043 1739 argenti
1062 1697 1070 1733 ;
1102 1683 1164 1725 ita
1186 1690 1333 1726 tamen
1354 1685 1467 1741 quod
1484 1692 1720 1728 conventus
1742 1702 1890 1729 nume-

351 1767 446 1793 rum
470 1752 651 1794 fratrum
673 1752 1000 1809 sexagenarium
1030 1768 1113 1794 non
1137 1754 1341 1795 excedat:
1383 1760 1427 1796 et
1449 1755 1720 1797 ministretur
1750 1756 1890 1797 eidem

350 1820 580 1862 conventui
602 1820 793 1877 pitancia
818 1820 862 1861 in
888 1821 1110 1862 refectorio
1139 1827 1183 1863 et
1211 1821 1316 1863 alibi
1344 1822 1389 1863 in
1415 1823 1672 1865 monasterio
1694 1824 1746 1865 de
1769 1839 1890 1880 pane,

352 1889 448 1931 vino
480 1896 524 1931 et
554 1890 755 1946 piscibus,
788 1897 863 1931 aut
894 1890 989 1931 aliis
1023 1891 1193 1933 cibariis
1225 1891 1286 1932 illi
1319 1891 1403 1933 diei
1437 1893 1804 1942 convenientibus,
1834 1894 1887 1935 ad
1914 1908 1951 1929 ²0

351 1960 531 2001 valorem
557 1976 611 2000 xx
633 1959 861 2001 solidorum
882 1973 891 2010 3
921 1966 966 2001 et
987 1975 1056 2001 ccc
1072 1961 1334 2016 pauperibus
1356 1962 1534 2004 cuilibet
1557 1977 1668 2004 unus
1689 1963 1890 2005 denarius

350 2036 559 2086 erogetur,
586 2029 649 2070 vel
666 2029 720 2070 ad
742 2029 869 2070 unius
891 2029 1055 2070 denarii
1078 2030 1263 2071 valorem
1282 2045 1291 2081 3
1323 2037 1367 2073 et
1384 2032 1671 2074 servientibus
1688 2033 1889 2074 ecclesiae

349 2115 425 2155 pro
462 2100 603 2141 labore
645 2099 901 2155 pulsationis
937 2100 1169 2141 eorundem
1204 2101 1420 2143 donentur
1455 2102 1540 2143 duo
1572 2103 1707 2151 solidi,
1742 2118 1888 2145 eorum

350 2169 528 2211 cuilibet
560 2169 601 2210 vi
632 2169 820 2211 denarii:
852 2169 1165 2211 successoribus
1197 2170 1303 2211 meis
1331 2171 1562 2213 abbatibus
1594 2177 1638 2213 et
1669 2172 1763 2213 aliis
1795 2188 1887 2229 per-

348 2239 462 2280 sonis
503 2238 846 2294 quibuscumque
887 2238 968 2279 sub
1005 2238 1359 2280 interminatione
1402 2240 1579 2282 ultionis
1615 2241 1787 2283 divinae
1824 2242 1886 2283 in-
1910 2259 1945 2288 25

348 2309 558 2358 hibentes,
590 2324 643 2350 ne
677 2308 776 2349 huic
796 2308 902 2364 vpiae
935 2308 1194 2350 concessioni
1225 2309 1469 2351 donationis
1500 2310 1703 2366 derogare
1735 2318 1812 2353 aut
1843 2312 1887 2353 in

347 2394 502 2435 magno
535 2379 599 2420 vel
632 2379 677 2419 in
709 2378 887 2419 minimo
919 2378 1129 2420 contrarie
1162 2385 1464 2435 praesumant;
1496 2380 1570 2422 sed
1601 2380 1812 2422 illibatam
1844 2389 1888 2423 et

346 2450 638 2491 inconcussam
662 2448 839 2490 eandem
865 2447 1109 2489 sustineant
1130 2448 1305 2504 pacifice
1326 2449 1605 2491 aeternaliter
1625 2465 1886 2506 permanere.

346 2519 389 2560 in
431 2519 554 2574 cujus
594 2518 655 2560 rei
697 2518 994 2559 testimonium
1032 2518 1221 2574 sigillum
1264 2525 1458 2560 nostrum
1494 2534 1579 2560 una
1614 2535 1711 2560 cum
1745 2520 1886 2575 sigillo

345 2588 561 2642 communi
603 2594 840 2629 conventus
879 2587 1059 2643 capituli
1101 2587 1236 2629 nostri
1273 2587 1574 2643 praesentibus
1610 2588 1768 2629 litteris
1810 2604 1886 2644 per
1905 2604 1945 2633 ,30

345 2659 519 2700 modum
550 2658 805 2700 indenturae
834 2657 1038 2699 confectis
1067 2657 1315 2699 alternatim
1342 2662 1443 2698 sunt
1472 2672 1671 2713 appensa.
1732 2658 1883 2700 datum

344 2729 389 2770 in
429 2728 618 2785 capitulo
659 2734 804 2769 nostro
852 2727 966 2784 apud
1011 2726 1442 2769 Westmonasterium
1486 2727 1575 2768 xvi⁰
1615 2727 1683 2768 die
1725 2728 1883 2770 mensis

344 2798 554 2847 Octobris,
590 2813 702 2839 anno
743 2797 905 2839 domini
947 2797 1175 2838 millesimo
1216 2797 1420 2839 cccxlvii0.

55 2879 182 2912 Buried
198 2880 234 2911 in
251 2880 309 2912 the
430 2868 724 2924 Sepultusque
750 2874 816 2910 est
841 2868 885 2909 in
914 2868 1112 2918 claustro,
1133 2874 1234 2910 ante
1261 2867 1489 2909 introitum
1513 2868 1708 2909 locutorii
1731 2868 1882 2910 domus

57 2923 321 3009 ῗὲζίῗέζῶξᾷᾖὲ
342 2936 604 2993 capitularis,
638 2937 769 2993 juxta
819 2937 978 2978 ostium
1026 2936 1279 2985 dormitorii,
1321 2936 1401 2978 sub
1450 2936 1592 2992 lapide
1635 2952 1880 2979 marmoreo.
1902 2948 1939 2978 35

56 3008 149 3043 door.
341 3007 464 3063 cujus
495 3007 581 3048 tale
613 3013 678 3048 est
710 3006 1008 3062 epitaphium:

515 3088 580 3129 De
612 3088 902 3129 Brechestona
933 3087 1083 3129 Simon
1116 3085 1370 3128 venerabilis
1400 3086 1533 3127 abbas

571 3156 813 3213 praeminet
844 3172 894 3198 ex
929 3156 1082 3197 merito
1113 3155 1285 3197 nomine
1316 3160 1536 3211 perpetuO.

428 3296 447 3326 5
471 3305 532 3325 om.
551 3296 585 3325 et
600 3294 652 3327 W.
810 3295 852 3324 24
876 3292 1208 3334 cuilibet]÷scilicet
1224 3292 1256 3325 d.
1412 3295 1452 3326 37
1477 3292 1712 3324 Berchestona
1730 3293 1787 3333 Sp.

436 3372 469 3396 n.
490 3372 521 3397 F.
1763 3362 1784 3394 9
