<?xml version="1.0" encoding="UTF-8"?>
<!DOCTYPE html PUBLIC "-//W3C//DTD XHTML 1.0 Transitional//EN"
    "http://www.w3.org/TR/xhtml1/DTD/xhtml1-transitional.dtd">
<html xmlns="http://www.w3.org/1999/xhtml" xml:lang="en" lang="en">
 <head>
  <title>
</title>
<meta http-equiv="Content-Type" content="text/html;charset=utf-8" />
  <meta name='ocr-system' content='tesseract 3.04.00' />
  <meta name='ocr-capabilities' content='ocr_page ocr_carea ocr_par ocr_line ocrx_word'/>
</head>
<body>
  <div class='ocr_page' id='page_1' title='image "./historyofwestmin00flet_0059.png"; bbox 0 0 2385 3891; ppageno 0'>
   <div class='ocr_carea' id='block_1_1' title="bbox 896 413 1847 482">
    <p class='ocr_par' dir='ltr' id='par_1_1' title="bbox 896 413 1847 482">
     <span class='ocr_line' id='line_1_1' title="bbox 896 413 1847 482; baseline -0.006 -16"><span class='ocrx_word' id='word_1_1' title='bbox 896 418 1079 482; x_wconf 77' lang='lat' dir='ltr'>Papal</span> <span class='ocrx_word' id='word_1_2' title='bbox 1109 417 1263 466; x_wconf 73' lang='lat' dir='ltr'>Bulls</span> <span class='ocrx_word' id='word_1_3' title='bbox 1785 413 1847 461; x_wconf 85' lang='lat'>47</span> 
     </span>
    </p>
   </div>
   <div class='ocr_carea' id='block_1_2' title="bbox 316 537 1926 2867">
    <p class='ocr_par' dir='ltr' id='par_1_2' title="bbox 316 537 1926 2867">
     <span class='ocr_line' id='line_1_2' title="bbox 316 537 1851 601; baseline -0.005 -15"><span class='ocrx_word' id='word_1_4' title='bbox 316 545 499 601; x_wconf 84' lang='lat' dir='ltr'>primam</span> <span class='ocrx_word' id='word_1_5' title='bbox 521 544 764 600; x_wconf 88' lang='lat' dir='ltr'>antiquitus</span> <span class='ocrx_word' id='word_1_6' title='bbox 787 543 1147 585; x_wconf 86' lang='lat' dir='ltr'>consecrationem</span> <span class='ocrx_word' id='word_1_7' title='bbox 1170 558 1195 583; x_wconf 90' lang='lat' dir='ltr'>a</span> <span class='ocrx_word' id='word_1_8' title='bbox 1219 542 1346 583; x_wconf 85' lang='lat' dir='ltr'>beato</span> <span class='ocrx_word' id='word_1_9' title='bbox 1377 541 1503 581; x_wconf 89' lang='lat' dir='ltr'>Petro</span> <span class='ocrx_word' id='word_1_10' title='bbox 1525 538 1703 594; x_wconf 88' lang='lat' dir='ltr'>accepit,</span> <span class='ocrx_word' id='word_1_11' title='bbox 1727 537 1851 593; x_wconf 90' lang='lat' dir='ltr'>cujus</span> 
     </span>
     <span class='ocr_line' id='line_1_3' title="bbox 318 608 1852 670; baseline -0.005 -14"><span class='ocrx_word' id='word_1_12' title='bbox 318 615 418 656; x_wconf 90' lang='lat' dir='ltr'>licet</span> <span class='ocrx_word' id='word_1_13' title='bbox 449 614 616 670; x_wconf 90' lang='lat' dir='ltr'>indigni</span> <span class='ocrx_word' id='word_1_14' title='bbox 646 614 791 655; x_wconf 89' lang='lat' dir='ltr'>vicarii</span> <span class='ocrx_word' id='word_1_15' title='bbox 819 629 979 662; x_wconf 88' lang='lat' dir='ltr'>sumus,</span> <span class='ocrx_word' id='word_1_16' title='bbox 1008 620 1052 654; x_wconf 90' lang='lat' dir='ltr'>et</span> <span class='ocrx_word' id='word_1_17' title='bbox 1080 613 1181 669; x_wconf 89' lang='lat' dir='ltr'>quia</span> <span class='ocrx_word' id='word_1_18' title='bbox 1207 612 1324 667; x_wconf 85' lang='lat' dir='ltr'>regia</span> <span class='ocrx_word' id='word_1_19' title='bbox 1349 609 1593 666; x_wconf 88' lang='lat' dir='ltr'>antiquitus</span> <span class='ocrx_word' id='word_1_20' title='bbox 1622 608 1743 650; x_wconf 90' lang='lat' dir='ltr'>sedes</span> <span class='ocrx_word' id='word_1_21' title='bbox 1775 613 1852 656; x_wconf 89' lang='lat' dir='ltr'>est,</span> 
     </span>
     <span class='ocr_line' id='line_1_4' title="bbox 318 677 1853 738; baseline -0.005 -13"><span class='ocrx_word' id='word_1_22' title='bbox 318 699 370 725; x_wconf 83' lang='lat' dir='ltr'>ex</span> <span class='ocrx_word' id='word_1_23' title='bbox 410 683 668 725; x_wconf 88' lang='lat' dir='ltr'>auctoritate</span> <span class='ocrx_word' id='word_1_24' title='bbox 709 683 778 724; x_wconf 90' lang='lat' dir='ltr'>dei</span> <span class='ocrx_word' id='word_1_25' title='bbox 820 689 863 724; x_wconf 86' lang='lat' dir='ltr'>et</span> <span class='ocrx_word' id='word_1_26' title='bbox 904 689 1148 724; x_wconf 87' lang='lat' dir='ltr'>sanctorum</span> <span class='ocrx_word' id='word_1_27' title='bbox 1199 681 1488 738; x_wconf 86' lang='lat' dir='ltr'>apostolorum</span> <span class='ocrx_word' id='word_1_28' title='bbox 1540 685 1670 734; x_wconf 84' lang='lat' dir='ltr'>atque</span> <span class='ocrx_word' id='word_1_29' title='bbox 1722 677 1853 733; x_wconf 90' lang='lat' dir='ltr'>hujus</span> 
     </span>
     <span class='ocr_line' id='line_1_5' title="bbox 319 746 1853 806; baseline -0.005 -12"><span class='ocrx_word' id='word_1_30' title='bbox 319 753 537 794; x_wconf 82' lang='lat' dir='ltr'>Romanae</span> <span class='ocrx_word' id='word_1_31' title='bbox 559 752 672 793; x_wconf 88' lang='lat' dir='ltr'>sedis</span> <span class='ocrx_word' id='word_1_32' title='bbox 693 757 737 792; x_wconf 86' lang='lat' dir='ltr'>et</span> <span class='ocrx_word' id='word_1_33' title='bbox 758 759 914 799; x_wconf 85' lang='lat' dir='ltr'>nostra,</span> <span class='ocrx_word' id='word_1_34' title='bbox 929 752 1212 800; x_wconf 74' lang='lat' dir='ltr'>concedimus,</span> <span class='ocrx_word' id='word_1_35' title='bbox 1226 750 1521 806; x_wconf 73' lang='lat' dir='ltr'>permittimus</span> <span class='ocrx_word' id='word_1_36' title='bbox 1535 755 1579 790; x_wconf 93' lang='lat' dir='ltr'>et</span> <span class='ocrx_word' id='word_1_37' title='bbox 1597 746 1853 790; x_wconf 83' lang='lat' dir='ltr'>solidissime</span> 
     </span>
     <span class='ocr_line' id='line_1_6' title="bbox 318 817 1892 877; baseline -0.003 -13"><span class='ocrx_word' id='word_1_38' title='bbox 318 823 621 864; x_wconf 90' lang='lat' dir='ltr'>confirmamus</span> <span class='ocrx_word' id='word_1_39' title='bbox 651 827 700 863; x_wconf 91' lang='lat' dir='ltr'>ut</span> <span class='ocrx_word' id='word_1_40' title='bbox 728 821 914 877; x_wconf 86' lang='lat' dir='ltr'>amplius</span> <span class='ocrx_word' id='word_1_41' title='bbox 947 821 991 862; x_wconf 91' lang='lat' dir='ltr'>in</span> <span class='ocrx_word' id='word_1_42' title='bbox 1013 827 1274 877; x_wconf 87' lang='lat' dir='ltr'>perpetuum</span> <span class='ocrx_word' id='word_1_43' title='bbox 1298 820 1442 876; x_wconf 82' lang='lat' dir='ltr'>regiae</span> <span class='ocrx_word' id='word_1_44' title='bbox 1464 817 1787 860; x_wconf 72' lang='lat' dir='ltr'>constitutionis</span> <span class='ocrx_word' id='word_1_45' title='bbox 1809 822 1853 857; x_wconf 93' lang='lat' dir='ltr'>et</span> <span class='ocrx_word' id='word_1_46' title='bbox 1875 830 1892 859; x_wconf 82' lang='grc'><em>5</em></span> 
     </span>
     <span class='ocr_line' id='line_1_7' title="bbox 318 886 1854 946; baseline -0.004 -13"><span class='ocrx_word' id='word_1_47' title='bbox 318 891 646 934; x_wconf 86' lang='lat' dir='ltr'>consecrationis</span> <span class='ocrx_word' id='word_1_48' title='bbox 664 891 780 932; x_wconf 90' lang='lat' dir='ltr'>locus</span> <span class='ocrx_word' id='word_1_49' title='bbox 801 890 871 939; x_wconf 90' lang='lat' dir='ltr'>sit,</span> <span class='ocrx_word' id='word_1_50' title='bbox 892 896 1023 946; x_wconf 85' lang='lat' dir='ltr'>atque</span> <span class='ocrx_word' id='word_1_51' title='bbox 1046 889 1346 946; x_wconf 87' lang='lat' dir='ltr'>repositorium</span> <span class='ocrx_word' id='word_1_52' title='bbox 1368 888 1579 945; x_wconf 89' lang='lat' dir='ltr'>regalium</span> <span class='ocrx_word' id='word_1_53' title='bbox 1604 886 1854 942; x_wconf 89' lang='lat' dir='ltr'>insignium,</span> 
     </span>
     <span class='ocr_line' id='line_1_8' title="bbox 319 956 1854 1016; baseline -0.005 -14"><span class='ocrx_word' id='word_1_54' title='bbox 319 967 363 1003; x_wconf 90' lang='lat' dir='ltr'>et</span> <span class='ocrx_word' id='word_1_55' title='bbox 385 960 598 1002; x_wconf 84' lang='lat' dir='ltr'>habitatio</span> <span class='ocrx_word' id='word_1_56' title='bbox 620 965 830 1016; x_wconf 89' lang='lat' dir='ltr'>perpetua</span> <span class='ocrx_word' id='word_1_57' title='bbox 858 960 1175 1008; x_wconf 90' lang='lat' dir='ltr'>monachorum,</span> <span class='ocrx_word' id='word_1_58' title='bbox 1204 958 1278 1014; x_wconf 93' lang='lat' dir='ltr'>qui</span> <span class='ocrx_word' id='word_1_59' title='bbox 1308 958 1415 999; x_wconf 88' lang='lat' dir='ltr'>nulli</span> <span class='ocrx_word' id='word_1_60' title='bbox 1446 956 1619 998; x_wconf 90' lang='lat' dir='ltr'>omnino</span> <span class='ocrx_word' id='word_1_61' title='bbox 1650 969 1854 1012; x_wconf 85' lang='lat' dir='ltr'>personae</span> 
     </span>
     <span class='ocr_line' id='line_1_9' title="bbox 318 1025 1854 1086; baseline -0.004 -15"><span class='ocrx_word' id='word_1_62' title='bbox 318 1030 401 1072; x_wconf 91' lang='lat' dir='ltr'>nisi</span> <span class='ocrx_word' id='word_1_63' title='bbox 423 1030 514 1086; x_wconf 90' lang='lat' dir='ltr'>regi</span> <span class='ocrx_word' id='word_1_64' title='bbox 536 1029 788 1079; x_wconf 88' lang='lat' dir='ltr'>subdantur,</span> <span class='ocrx_word' id='word_1_65' title='bbox 811 1029 1085 1084; x_wconf 86' lang='lat' dir='ltr'>habeantque</span> <span class='ocrx_word' id='word_1_66' title='bbox 1113 1033 1372 1084; x_wconf 89' lang='lat' dir='ltr'>potestatem</span> <span class='ocrx_word' id='word_1_67' title='bbox 1404 1027 1637 1068; x_wconf 88' lang='lat' dir='ltr'>secundum</span> <span class='ocrx_word' id='word_1_68' title='bbox 1661 1025 1854 1081; x_wconf 87' lang='lat' dir='ltr'>regulam</span> 
     </span>
     <span class='ocr_line' id='line_1_10' title="bbox 318 1094 1855 1154; baseline -0.005 -13"><span class='ocrx_word' id='word_1_69' title='bbox 318 1100 436 1142; x_wconf 89' lang='lat' dir='ltr'>beati</span> <span class='ocrx_word' id='word_1_70' title='bbox 459 1099 685 1141; x_wconf 83' lang='lat' dir='ltr'>Benedicti</span> <span class='ocrx_word' id='word_1_71' title='bbox 717 1113 793 1154; x_wconf 91' lang='lat' dir='ltr'>per</span> <span class='ocrx_word' id='word_1_72' title='bbox 820 1098 1107 1140; x_wconf 86' lang='lat' dir='ltr'>successiones</span> <span class='ocrx_word' id='word_1_73' title='bbox 1139 1097 1296 1153; x_wconf 88' lang='lat' dir='ltr'>eligere</span> <span class='ocrx_word' id='word_1_74' title='bbox 1319 1111 1370 1137; x_wconf 84' lang='lat' dir='ltr'>ex</span> <span class='ocrx_word' id='word_1_75' title='bbox 1392 1112 1436 1137; x_wconf 87' lang='lat' dir='ltr'>se</span> <span class='ocrx_word' id='word_1_76' title='bbox 1458 1096 1632 1137; x_wconf 90' lang='lat' dir='ltr'>idoneos</span> <span class='ocrx_word' id='word_1_77' title='bbox 1653 1094 1855 1143; x_wconf 83' lang='lat' dir='ltr'>abbates;</span> 
     </span>
     <span class='ocr_line' id='line_1_11' title="bbox 318 1163 1917 1225; baseline -0.005 -15"><span class='ocrx_word' id='word_1_78' title='bbox 318 1184 458 1225; x_wconf 90' lang='lat' dir='ltr'>neque</span> <span class='ocrx_word' id='word_1_79' title='bbox 480 1168 780 1210; x_wconf 86' lang='lat' dir='ltr'>introducatur</span> <span class='ocrx_word' id='word_1_80' title='bbox 800 1182 876 1223; x_wconf 92' lang='lat' dir='ltr'>per</span> <span class='ocrx_word' id='word_1_81' title='bbox 897 1166 1147 1208; x_wconf 90' lang='lat' dir='ltr'>violentiam</span> <span class='ocrx_word' id='word_1_82' title='bbox 1177 1172 1381 1207; x_wconf 78' lang='lat' dir='ltr'>extranea</span> <span class='ocrx_word' id='word_1_83' title='bbox 1408 1179 1588 1221; x_wconf 82' lang='lat' dir='ltr'>persona</span> <span class='ocrx_word' id='word_1_84' title='bbox 1615 1163 1697 1205; x_wconf 87' lang='lat' dir='ltr'>nisi</span> <span class='ocrx_word' id='word_1_85' title='bbox 1726 1178 1855 1218; x_wconf 89' lang='lat' dir='ltr'>quam</span> <span class='ocrx_word' id='word_1_86' title='bbox 1879 1179 1917 1200; x_wconf 89' lang='lat'>10</span> 
     </span>
     <span class='ocr_line' id='line_1_12' title="bbox 319 1232 1856 1293; baseline -0.005 -13"><span class='ocrx_word' id='word_1_87' title='bbox 319 1253 489 1281; x_wconf 89' lang='lat' dir='ltr'>concors</span> <span class='ocrx_word' id='word_1_88' title='bbox 503 1236 779 1293; x_wconf 86' lang='lat' dir='ltr'>congregatio</span> <span class='ocrx_word' id='word_1_89' title='bbox 796 1236 877 1278; x_wconf 89' lang='lat' dir='ltr'>sibi</span> <span class='ocrx_word' id='word_1_90' title='bbox 895 1250 1090 1292; x_wconf 87' lang='lat' dir='ltr'>praeesse</span> <span class='ocrx_word' id='word_1_91' title='bbox 1106 1235 1296 1291; x_wconf 87' lang='lat' dir='ltr'>elegerit.</span> <span class='ocrx_word' id='word_1_92' title='bbox 1333 1233 1595 1275; x_wconf 87' lang='lat' dir='ltr'>absolvimus</span> <span class='ocrx_word' id='word_1_93' title='bbox 1610 1232 1742 1274; x_wconf 90' lang='lat' dir='ltr'>etiam</span> <span class='ocrx_word' id='word_1_94' title='bbox 1757 1246 1856 1272; x_wconf 89' lang='lat' dir='ltr'>eum</span> 
     </span>
     <span class='ocr_line' id='line_1_13' title="bbox 322 1301 1858 1359; baseline -0.005 -9"><span class='ocrx_word' id='word_1_95' title='bbox 322 1310 461 1350; x_wconf 90' lang='lat' dir='ltr'>locum</span> <span class='ocrx_word' id='word_1_96' title='bbox 493 1308 548 1349; x_wconf 91' lang='lat' dir='ltr'>ab</span> <span class='ocrx_word' id='word_1_97' title='bbox 580 1307 697 1348; x_wconf 90' lang='lat' dir='ltr'>omni</span> <span class='ocrx_word' id='word_1_98' title='bbox 729 1306 906 1348; x_wconf 89' lang='lat' dir='ltr'>servitio</span> <span class='ocrx_word' id='word_1_99' title='bbox 937 1312 982 1347; x_wconf 90' lang='lat' dir='ltr'>et</span> <span class='ocrx_word' id='word_1_100' title='bbox 1013 1305 1308 1346; x_wconf 84' lang='lat' dir='ltr'>dominatione</span> <span class='ocrx_word' id='word_1_101' title='bbox 1346 1302 1590 1359; x_wconf 89' lang='lat' dir='ltr'>episcopali,</span> <span class='ocrx_word' id='word_1_102' title='bbox 1626 1308 1677 1343; x_wconf 88' lang='lat' dir='ltr'>ut</span> <span class='ocrx_word' id='word_1_103' title='bbox 1712 1301 1858 1342; x_wconf 89' lang='lat' dir='ltr'>nullus</span> 
     </span>
     <span class='ocr_line' id='line_1_14' title="bbox 321 1369 1858 1434; baseline -0.005 -15"><span class='ocrx_word' id='word_1_104' title='bbox 321 1378 546 1434; x_wconf 89' lang='lat' dir='ltr'>episcopus</span> <span class='ocrx_word' id='word_1_105' title='bbox 577 1376 679 1417; x_wconf 90' lang='lat' dir='ltr'>illuc</span> <span class='ocrx_word' id='word_1_106' title='bbox 711 1375 897 1417; x_wconf 89' lang='lat' dir='ltr'>introeat</span> <span class='ocrx_word' id='word_1_107' title='bbox 929 1374 1205 1416; x_wconf 85' lang='lat' dir='ltr'>ordinaturus</span> <span class='ocrx_word' id='word_1_108' title='bbox 1236 1379 1313 1414; x_wconf 91' lang='lat' dir='ltr'>aut</span> <span class='ocrx_word' id='word_1_109' title='bbox 1344 1379 1652 1429; x_wconf 89' lang='lat' dir='ltr'>praecepturus</span> <span class='ocrx_word' id='word_1_110' title='bbox 1683 1369 1858 1426; x_wconf 89' lang='lat' dir='ltr'>aliquid,</span> 
     </span>
     <span class='ocr_line' id='line_1_15' title="bbox 319 1440 1859 1502; baseline -0.005 -14"><span class='ocrx_word' id='word_1_111' title='bbox 319 1447 403 1488; x_wconf 89' lang='lat' dir='ltr'>nisi</span> <span class='ocrx_word' id='word_1_112' title='bbox 424 1461 475 1487; x_wconf 85' lang='lat' dir='ltr'>ex</span> <span class='ocrx_word' id='word_1_113' title='bbox 500 1445 710 1502; x_wconf 88' lang='lat' dir='ltr'>petitione</span> <span class='ocrx_word' id='word_1_114' title='bbox 729 1451 773 1485; x_wconf 92' lang='lat' dir='ltr'>et</span> <span class='ocrx_word' id='word_1_115' title='bbox 790 1459 997 1485; x_wconf 87' lang='lat' dir='ltr'>consensu</span> <span class='ocrx_word' id='word_1_116' title='bbox 1012 1442 1182 1484; x_wconf 87' lang='lat' dir='ltr'>abbatis</span> <span class='ocrx_word' id='word_1_117' title='bbox 1197 1448 1240 1483; x_wconf 91' lang='lat' dir='ltr'>et</span> <span class='ocrx_word' id='word_1_118' title='bbox 1258 1442 1574 1483; x_wconf 90' lang='lat' dir='ltr'>monachorum.</span> <span class='ocrx_word' id='word_1_119' title='bbox 1635 1446 1679 1482; x_wconf 91' lang='lat' dir='ltr'>et</span> <span class='ocrx_word' id='word_1_120' title='bbox 1701 1440 1859 1481; x_wconf 88' lang='lat' dir='ltr'>habeat</span> 
     </span>
     <span class='ocr_line' id='line_1_16' title="bbox 320 1509 1917 1569; baseline -0.003 -12"><span class='ocrx_word' id='word_1_121' title='bbox 320 1516 435 1557; x_wconf 91' lang='lat' dir='ltr'>idem</span> <span class='ocrx_word' id='word_1_122' title='bbox 460 1516 576 1557; x_wconf 89' lang='lat' dir='ltr'>locus</span> <span class='ocrx_word' id='word_1_123' title='bbox 598 1515 779 1556; x_wconf 91' lang='lat' dir='ltr'>liberum</span> <span class='ocrx_word' id='word_1_124' title='bbox 810 1513 1090 1569; x_wconf 89' lang='lat' dir='ltr'>procinctum,</span> <span class='ocrx_word' id='word_1_125' title='bbox 1112 1512 1156 1553; x_wconf 91' lang='lat' dir='ltr'>id</span> <span class='ocrx_word' id='word_1_126' title='bbox 1182 1518 1259 1562; x_wconf 87' lang='lat' dir='ltr'>est,</span> <span class='ocrx_word' id='word_1_127' title='bbox 1281 1511 1494 1553; x_wconf 90' lang='lat' dir='ltr'>ambitum</span> <span class='ocrx_word' id='word_1_128' title='bbox 1522 1517 1566 1552; x_wconf 90' lang='lat' dir='ltr'>et</span> <span class='ocrx_word' id='word_1_129' title='bbox 1597 1509 1858 1552; x_wconf 87' lang='lat' dir='ltr'>cimiterium</span> <span class='ocrx_word' id='word_1_130' title='bbox 1882 1524 1917 1553; x_wconf 85' lang='lat'>15</span> 
     </span>
     <span class='ocr_line' id='line_1_17' title="bbox 321 1581 1858 1638; baseline -0.003 -12"><span class='ocrx_word' id='word_1_131' title='bbox 321 1591 600 1633; x_wconf 88' lang='lat' dir='ltr'>mortuorum,</span> <span class='ocrx_word' id='word_1_132' title='bbox 624 1583 734 1625; x_wconf 90' lang='lat' dir='ltr'>circa</span> <span class='ocrx_word' id='word_1_133' title='bbox 755 1598 799 1624; x_wconf 90' lang='lat' dir='ltr'>se</span> <span class='ocrx_word' id='word_1_134' title='bbox 820 1583 983 1638; x_wconf 88' lang='lat' dir='ltr'>absque</span> <span class='ocrx_word' id='word_1_135' title='bbox 1005 1581 1235 1638; x_wconf 86' lang='lat' dir='ltr'>episcopali</span> <span class='ocrx_word' id='word_1_136' title='bbox 1259 1582 1325 1623; x_wconf 90' lang='lat' dir='ltr'>vel</span> <span class='ocrx_word' id='word_1_137' title='bbox 1339 1582 1647 1637; x_wconf 87' lang='lat' dir='ltr'>cujuscumque</span> <span class='ocrx_word' id='word_1_138' title='bbox 1662 1586 1858 1636; x_wconf 87' lang='lat' dir='ltr'>respectu</span> 
     </span>
     <span class='ocr_line' id='line_1_18' title="bbox 322 1649 1859 1707; baseline -0.003 -12"><span class='ocrx_word' id='word_1_139' title='bbox 322 1654 389 1694; x_wconf 87' lang='lat' dir='ltr'>vel</span> <span class='ocrx_word' id='word_1_140' title='bbox 420 1653 653 1695; x_wconf 85' lang='lat' dir='ltr'>exactione.</span> <span class='ocrx_word' id='word_1_141' title='bbox 716 1658 760 1694; x_wconf 90' lang='lat' dir='ltr'>et</span> <span class='ocrx_word' id='word_1_142' title='bbox 791 1651 936 1693; x_wconf 90' lang='lat' dir='ltr'>omnia</span> <span class='ocrx_word' id='word_1_143' title='bbox 968 1666 1078 1707; x_wconf 91' lang='lat' dir='ltr'>quae</span> <span class='ocrx_word' id='word_1_144' title='bbox 1109 1650 1163 1691; x_wconf 91' lang='lat' dir='ltr'>ad</span> <span class='ocrx_word' id='word_1_145' title='bbox 1195 1650 1442 1692; x_wconf 87' lang='lat' dir='ltr'>libertatem</span> <span class='ocrx_word' id='word_1_146' title='bbox 1475 1656 1520 1691; x_wconf 90' lang='lat' dir='ltr'>et</span> <span class='ocrx_word' id='word_1_147' title='bbox 1551 1649 1859 1691; x_wconf 80' lang='lat' dir='ltr'>exaltationem</span> 
     </span>
     <span class='ocr_line' id='line_1_19' title="bbox 322 1719 1859 1777; baseline -0.003 -13"><span class='ocrx_word' id='word_1_148' title='bbox 322 1723 438 1764; x_wconf 88' lang='lat' dir='ltr'>illius</span> <span class='ocrx_word' id='word_1_149' title='bbox 460 1723 540 1764; x_wconf 89' lang='lat' dir='ltr'>loci</span> <span class='ocrx_word' id='word_1_150' title='bbox 562 1722 615 1764; x_wconf 91' lang='lat' dir='ltr'>ad</span> <span class='ocrx_word' id='word_1_151' title='bbox 638 1723 838 1763; x_wconf 88' lang='lat' dir='ltr'>honorem</span> <span class='ocrx_word' id='word_1_152' title='bbox 863 1721 933 1762; x_wconf 92' lang='lat' dir='ltr'>dei</span> <span class='ocrx_word' id='word_1_153' title='bbox 954 1720 1221 1777; x_wconf 89' lang='lat' dir='ltr'>pertinentia</span> <span class='ocrx_word' id='word_1_154' title='bbox 1242 1735 1318 1776; x_wconf 91' lang='lat' dir='ltr'>per</span> <span class='ocrx_word' id='word_1_155' title='bbox 1339 1726 1530 1761; x_wconf 88' lang='lat' dir='ltr'>nostram</span> <span class='ocrx_word' id='word_1_156' title='bbox 1553 1719 1859 1761; x_wconf 88' lang='lat' dir='ltr'>auctoritatem</span> 
     </span>
     <span class='ocr_line' id='line_1_20' title="bbox 323 1789 1859 1848; baseline -0.003 -14"><span class='ocrx_word' id='word_1_157' title='bbox 323 1793 521 1834; x_wconf 85' lang='lat' dir='ltr'>accedere</span> <span class='ocrx_word' id='word_1_158' title='bbox 543 1797 735 1848; x_wconf 81' lang='lat' dir='ltr'>possunt,</span> <span class='ocrx_word' id='word_1_159' title='bbox 757 1791 882 1832; x_wconf 91' lang='lat' dir='ltr'>hilari</span> <span class='ocrx_word' id='word_1_160' title='bbox 905 1797 949 1832; x_wconf 91' lang='lat' dir='ltr'>et</span> <span class='ocrx_word' id='word_1_161' title='bbox 970 1790 1294 1847; x_wconf 90' lang='lat' dir='ltr'>promptissima</span> <span class='ocrx_word' id='word_1_162' title='bbox 1323 1790 1549 1831; x_wconf 87' lang='lat' dir='ltr'>voluntate</span> <span class='ocrx_word' id='word_1_163' title='bbox 1575 1789 1859 1830; x_wconf 89' lang='lat' dir='ltr'>concedimus.</span> 
     </span>
     <span class='ocr_line' id='line_1_21' title="bbox 322 1859 1920 1919; baseline -0.003 -15"><span class='ocrx_word' id='word_1_164' title='bbox 322 1862 607 1919; x_wconf 88' lang='lat' dir='ltr'>possessiones</span> <span class='ocrx_word' id='word_1_165' title='bbox 648 1867 794 1903; x_wconf 90' lang='lat' dir='ltr'>autem</span> <span class='ocrx_word' id='word_1_166' title='bbox 835 1876 941 1917; x_wconf 89' lang='lat' dir='ltr'>quas</span> <span class='ocrx_word' id='word_1_167' title='bbox 982 1860 1151 1916; x_wconf 85' lang='lat' dir='ltr'>antiqui</span> <span class='ocrx_word' id='word_1_168' title='bbox 1193 1875 1314 1916; x_wconf 90' lang='lat' dir='ltr'>reges</span> <span class='ocrx_word' id='word_1_169' title='bbox 1355 1875 1430 1902; x_wconf 91' lang='lat' dir='ltr'>seu</span> <span class='ocrx_word' id='word_1_170' title='bbox 1472 1860 1732 1916; x_wconf 89' lang='lat' dir='ltr'>quicumque</span> <span class='ocrx_word' id='word_1_171' title='bbox 1783 1859 1857 1900; x_wconf 91' lang='lat' dir='ltr'>alii</span> <span class='ocrx_word' id='word_1_172' title='bbox 1880 1875 1920 1897; x_wconf 84' lang='lat'>20</span> 
     </span>
     <span class='ocr_line' id='line_1_22' title="bbox 324 1929 1859 1987; baseline -0.002 -14"><span class='ocrx_word' id='word_1_173' title='bbox 324 1932 529 1981; x_wconf 88' lang='lat' dir='ltr'>homines,</span> <span class='ocrx_word' id='word_1_174' title='bbox 570 1946 642 1972; x_wconf 93' lang='lat' dir='ltr'>vos</span> <span class='ocrx_word' id='word_1_175' title='bbox 682 1946 851 1987; x_wconf 89' lang='lat' dir='ltr'>quoque</span> <span class='ocrx_word' id='word_1_176' title='bbox 892 1946 940 1971; x_wconf 88' lang='lat' dir='ltr'>ac</span> <span class='ocrx_word' id='word_1_177' title='bbox 981 1930 1113 1971; x_wconf 90' lang='lat' dir='ltr'>vestri</span> <span class='ocrx_word' id='word_1_178' title='bbox 1153 1930 1332 1971; x_wconf 87' lang='lat' dir='ltr'>barones</span> <span class='ocrx_word' id='word_1_179' title='bbox 1383 1929 1437 1970; x_wconf 88' lang='lat' dir='ltr'>ad</span> <span class='ocrx_word' id='word_1_180' title='bbox 1489 1929 1675 1971; x_wconf 89' lang='lat' dir='ltr'>eundem</span> <span class='ocrx_word' id='word_1_181' title='bbox 1719 1930 1859 1970; x_wconf 89' lang='lat' dir='ltr'>locum</span> 
     </span>
     <span class='ocr_line' id='line_1_23' title="bbox 325 1999 1862 2056; baseline -0.002 -14"><span class='ocrx_word' id='word_1_182' title='bbox 325 2000 579 2050; x_wconf 89' lang='lat' dir='ltr'>contulistis,</span> <span class='ocrx_word' id='word_1_183' title='bbox 607 2006 651 2042; x_wconf 90' lang='lat' dir='ltr'>et</span> <span class='ocrx_word' id='word_1_184' title='bbox 680 2000 849 2041; x_wconf 88' lang='lat' dir='ltr'>chartas</span> <span class='ocrx_word' id='word_1_185' title='bbox 881 2015 989 2056; x_wconf 88' lang='lat' dir='ltr'>quae</span> <span class='ocrx_word' id='word_1_186' title='bbox 1018 2015 1070 2041; x_wconf 84' lang='lat' dir='ltr'>ex</span> <span class='ocrx_word' id='word_1_187' title='bbox 1103 1999 1163 2041; x_wconf 91' lang='lat' dir='ltr'>eis</span> <span class='ocrx_word' id='word_1_188' title='bbox 1186 2001 1322 2041; x_wconf 87' lang='lat' dir='ltr'>factae</span> <span class='ocrx_word' id='word_1_189' title='bbox 1344 2005 1459 2048; x_wconf 88' lang='lat' dir='ltr'>sunt,</span> <span class='ocrx_word' id='word_1_190' title='bbox 1482 1999 1629 2040; x_wconf 90' lang='lat' dir='ltr'>divina</span> <span class='ocrx_word' id='word_1_191' title='bbox 1650 2004 1695 2040; x_wconf 89' lang='lat' dir='ltr'>et</span> <span class='ocrx_word' id='word_1_192' title='bbox 1716 2005 1862 2040; x_wconf 87' lang='lat' dir='ltr'>nostra</span> 
     </span>
     <span class='ocr_line' id='line_1_24' title="bbox 324 2068 1861 2118; baseline -0.001 -7"><span class='ocrx_word' id='word_1_193' title='bbox 324 2069 583 2111; x_wconf 88' lang='lat' dir='ltr'>auctoritate</span> <span class='ocrx_word' id='word_1_194' title='bbox 616 2069 862 2111; x_wconf 87' lang='lat' dir='ltr'>roboramus</span> <span class='ocrx_word' id='word_1_195' title='bbox 889 2076 933 2111; x_wconf 90' lang='lat' dir='ltr'>et</span> <span class='ocrx_word' id='word_1_196' title='bbox 964 2075 1079 2111; x_wconf 87' lang='lat' dir='ltr'>ratas</span> <span class='ocrx_word' id='word_1_197' title='bbox 1108 2084 1156 2110; x_wconf 88' lang='lat' dir='ltr'>ac</span> <span class='ocrx_word' id='word_1_198' title='bbox 1182 2069 1358 2110; x_wconf 87' lang='lat' dir='ltr'>stabiles</span> <span class='ocrx_word' id='word_1_199' title='bbox 1391 2084 1481 2110; x_wconf 91' lang='lat' dir='ltr'>esse</span> <span class='ocrx_word' id='word_1_200' title='bbox 1510 2068 1790 2118; x_wconf 85' lang='lat' dir='ltr'>decernimus,</span> <span class='ocrx_word' id='word_1_201' title='bbox 1817 2074 1861 2110; x_wconf 92' lang='lat' dir='ltr'>et</span> 
     </span>
     <span class='ocr_line' id='line_1_25' title="bbox 324 2138 1862 2194; baseline -0.001 -14"><span class='ocrx_word' id='word_1_202' title='bbox 324 2139 572 2180; x_wconf 86' lang='lat' dir='ltr'>infractores</span> <span class='ocrx_word' id='word_1_203' title='bbox 594 2154 741 2180; x_wconf 87' lang='lat' dir='ltr'>earum</span> <span class='ocrx_word' id='word_1_204' title='bbox 764 2139 830 2180; x_wconf 87' lang='lat' dir='ltr'>vel</span> <span class='ocrx_word' id='word_1_205' title='bbox 852 2139 1068 2180; x_wconf 86' lang='lat' dir='ltr'>invasores</span> <span class='ocrx_word' id='word_1_206' title='bbox 1089 2145 1166 2180; x_wconf 88' lang='lat' dir='ltr'>aut</span> <span class='ocrx_word' id='word_1_207' title='bbox 1187 2138 1472 2180; x_wconf 89' lang='lat' dir='ltr'>diminutores</span> <span class='ocrx_word' id='word_1_208' title='bbox 1493 2144 1571 2179; x_wconf 85' lang='lat' dir='ltr'>aut</span> <span class='ocrx_word' id='word_1_209' title='bbox 1592 2138 1862 2194; x_wconf 85' lang='lat' dir='ltr'>dispersores,</span> 
     </span>
     <span class='ocr_line' id='line_1_26' title="bbox 326 2206 1921 2263; baseline -0.001 -15"><span class='ocrx_word' id='word_1_210' title='bbox 326 2207 569 2249; x_wconf 86' lang='lat' dir='ltr'>venditores</span> <span class='ocrx_word' id='word_1_211' title='bbox 610 2207 742 2249; x_wconf 89' lang='lat' dir='ltr'>etiam</span> <span class='ocrx_word' id='word_1_212' title='bbox 786 2214 936 2249; x_wconf 89' lang='lat' dir='ltr'>eterna</span> <span class='ocrx_word' id='word_1_213' title='bbox 976 2207 1278 2249; x_wconf 88' lang='lat' dir='ltr'>maledictione</span> <span class='ocrx_word' id='word_1_214' title='bbox 1329 2222 1427 2248; x_wconf 86' lang='lat' dir='ltr'>cum</span> <span class='ocrx_word' id='word_1_215' title='bbox 1477 2207 1506 2248; x_wconf 80' lang='lat' dir='ltr'><strong>J</strong></span> <span class='ocrx_word' id='word_1_216' title='bbox 1511 2207 1595 2248; x_wconf 91' lang='lat' dir='ltr'>uda</span> <span class='ocrx_word' id='word_1_217' title='bbox 1644 2206 1861 2263; x_wconf 87' lang='lat' dir='ltr'>proditore</span> <span class='ocrx_word' id='word_1_218' title='bbox 1883 2222 1921 2252; x_wconf 81' lang='lat'>25</span> 
     </span>
     <span class='ocr_line' id='line_1_27' title="bbox 325 2274 1864 2332; baseline -0.001 -16"><span class='ocrx_word' id='word_1_219' title='bbox 325 2275 592 2325; x_wconf 84' lang='lat' dir='ltr'>damnamus,</span> <span class='ocrx_word' id='word_1_220' title='bbox 614 2281 664 2316; x_wconf 89' lang='lat' dir='ltr'>ut</span> <span class='ocrx_word' id='word_1_221' title='bbox 689 2290 774 2316; x_wconf 90' lang='lat' dir='ltr'>non</span> <span class='ocrx_word' id='word_1_222' title='bbox 796 2276 984 2317; x_wconf 90' lang='lat' dir='ltr'>habeant</span> <span class='ocrx_word' id='word_1_223' title='bbox 1006 2281 1174 2332; x_wconf 90' lang='lat' dir='ltr'>partem</span> <span class='ocrx_word' id='word_1_224' title='bbox 1196 2275 1242 2316; x_wconf 93' lang='lat' dir='ltr'>in</span> <span class='ocrx_word' id='word_1_225' title='bbox 1262 2275 1391 2316; x_wconf 88' lang='lat' dir='ltr'>beata</span> <span class='ocrx_word' id='word_1_226' title='bbox 1411 2274 1721 2316; x_wconf 87' lang='lat' dir='ltr'>resurrectione</span> <span class='ocrx_word' id='word_1_227' title='bbox 1742 2274 1815 2316; x_wconf 91' lang='lat' dir='ltr'>sed</span> <span class='ocrx_word' id='word_1_228' title='bbox 1838 2289 1864 2315; x_wconf 90' lang='lat' dir='ltr'>a</span> 
     </span>
     <span class='ocr_line' id='line_1_28' title="bbox 325 2343 1862 2400; baseline -0.001 -14"><span class='ocrx_word' id='word_1_229' title='bbox 325 2345 452 2387; x_wconf 85' lang='lat' dir='ltr'>beato</span> <span class='ocrx_word' id='word_1_230' title='bbox 482 2345 609 2386; x_wconf 89' lang='lat' dir='ltr'>Petro</span> <span class='ocrx_word' id='word_1_231' title='bbox 632 2360 676 2386; x_wconf 90' lang='lat' dir='ltr'>se</span> <span class='ocrx_word' id='word_1_232' title='bbox 691 2344 949 2400; x_wconf 86' lang='lat' dir='ltr'>judicandos</span> <span class='ocrx_word' id='word_1_233' title='bbox 981 2345 1129 2395; x_wconf 87' lang='lat' dir='ltr'>sciant,</span> <span class='ocrx_word' id='word_1_234' title='bbox 1158 2344 1329 2400; x_wconf 88' lang='lat' dir='ltr'>quando</span> <span class='ocrx_word' id='word_1_235' title='bbox 1360 2343 1528 2385; x_wconf 90' lang='lat' dir='ltr'>sedebit</span> <span class='ocrx_word' id='word_1_236' title='bbox 1557 2359 1654 2386; x_wconf 92' lang='lat' dir='ltr'>cum</span> <span class='ocrx_word' id='word_1_237' title='bbox 1687 2344 1775 2385; x_wconf 91' lang='lat' dir='ltr'>suis</span> <span class='ocrx_word' id='word_1_238' title='bbox 1796 2359 1862 2385; x_wconf 88' lang='lat' dir='ltr'>co-</span> 
     </span>
     <span class='ocr_line' id='line_1_29' title="bbox 326 2412 1863 2471; baseline -0.001 -16"><span class='ocrx_word' id='word_1_239' title='bbox 326 2413 530 2471; x_wconf 88' lang='lat' dir='ltr'>apostolis</span> <span class='ocrx_word' id='word_1_240' title='bbox 545 2413 746 2470; x_wconf 84' lang='lat' dir='ltr'>judicans</span> <span class='ocrx_word' id='word_1_241' title='bbox 768 2413 993 2455; x_wconf 89' lang='lat' dir='ltr'>duodecim</span> <span class='ocrx_word' id='word_1_242' title='bbox 1012 2413 1151 2455; x_wconf 83' lang='lat' dir='ltr'>tribus</span> <span class='ocrx_word' id='word_1_243' title='bbox 1166 2413 1309 2454; x_wconf 91' lang='lat' dir='ltr'>Israel.</span> <span class='ocrx_word' id='word_1_244' title='bbox 1364 2413 1482 2454; x_wconf 90' lang='lat' dir='ltr'>vobis</span> <span class='ocrx_word' id='word_1_245' title='bbox 1500 2428 1598 2454; x_wconf 91' lang='lat' dir='ltr'>vero</span> <span class='ocrx_word' id='word_1_246' title='bbox 1616 2419 1660 2454; x_wconf 90' lang='lat' dir='ltr'>et</span> <span class='ocrx_word' id='word_1_247' title='bbox 1681 2412 1863 2469; x_wconf 90' lang='lat' dir='ltr'>posteris</span> 
     </span>
     <span class='ocr_line' id='line_1_30' title="bbox 329 2480 1862 2537; baseline -0.001 -14"><span class='ocrx_word' id='word_1_248' title='bbox 329 2482 482 2524; x_wconf 87' lang='lat' dir='ltr'>vestris</span> <span class='ocrx_word' id='word_1_249' title='bbox 503 2481 678 2537; x_wconf 87' lang='lat' dir='ltr'>regibus</span> <span class='ocrx_word' id='word_1_250' title='bbox 692 2481 1005 2523; x_wconf 83' lang='lat' dir='ltr'>committimus</span> <span class='ocrx_word' id='word_1_251' title='bbox 1019 2482 1342 2523; x_wconf 83' lang='lat' dir='ltr'>advocationem</span> <span class='ocrx_word' id='word_1_252' title='bbox 1358 2487 1402 2522; x_wconf 91' lang='lat' dir='ltr'>et</span> <span class='ocrx_word' id='word_1_253' title='bbox 1419 2481 1651 2523; x_wconf 91' lang='lat' dir='ltr'>tuitionem</span> <span class='ocrx_word' id='word_1_254' title='bbox 1670 2480 1862 2537; x_wconf 88' lang='lat' dir='ltr'>ejusdem</span> 
     </span>
     <span class='ocr_line' id='line_1_31' title="bbox 327 2550 1926 2606; baseline -0.002 -13"><span class='ocrx_word' id='word_1_255' title='bbox 327 2551 407 2593; x_wconf 89' lang='lat' dir='ltr'>loci</span> <span class='ocrx_word' id='word_1_256' title='bbox 429 2557 474 2593; x_wconf 91' lang='lat' dir='ltr'>et</span> <span class='ocrx_word' id='word_1_257' title='bbox 500 2550 692 2592; x_wconf 89' lang='lat' dir='ltr'>omnium</span> <span class='ocrx_word' id='word_1_258' title='bbox 715 2550 850 2592; x_wconf 89' lang='lat' dir='ltr'>totius</span> <span class='ocrx_word' id='word_1_259' title='bbox 879 2550 1064 2606; x_wconf 89' lang='lat' dir='ltr'>Angliae</span> <span class='ocrx_word' id='word_1_260' title='bbox 1091 2551 1377 2599; x_wconf 86' lang='lat' dir='ltr'>ecclesiarum,</span> <span class='ocrx_word' id='word_1_261' title='bbox 1400 2557 1450 2592; x_wconf 90' lang='lat' dir='ltr'>ut</span> <span class='ocrx_word' id='word_1_262' title='bbox 1472 2550 1563 2591; x_wconf 90' lang='lat' dir='ltr'>vice</span> <span class='ocrx_word' id='word_1_263' title='bbox 1592 2556 1738 2591; x_wconf 89' lang='lat' dir='ltr'>nostra</span> <span class='ocrx_word' id='word_1_264' title='bbox 1766 2565 1863 2590; x_wconf 89' lang='lat' dir='ltr'>cum</span> <span class='ocrx_word' id='word_1_265' title='bbox 1885 2568 1926 2598; x_wconf 78' lang='lat'>30</span> 
     </span>
     <span class='ocr_line' id='line_1_32' title="bbox 327 2618 1866 2676; baseline -0.002 -14"><span class='ocrx_word' id='word_1_266' title='bbox 327 2620 501 2662; x_wconf 88' lang='lat' dir='ltr'>consilio</span> <span class='ocrx_word' id='word_1_267' title='bbox 523 2619 818 2676; x_wconf 87' lang='lat' dir='ltr'>episcoporum</span> <span class='ocrx_word' id='word_1_268' title='bbox 840 2626 884 2660; x_wconf 92' lang='lat' dir='ltr'>et</span> <span class='ocrx_word' id='word_1_269' title='bbox 906 2620 1113 2660; x_wconf 88' lang='lat' dir='ltr'>abbatum</span> <span class='ocrx_word' id='word_1_270' title='bbox 1136 2619 1413 2660; x_wconf 86' lang='lat' dir='ltr'>constituatis</span> <span class='ocrx_word' id='word_1_271' title='bbox 1435 2618 1596 2674; x_wconf 89' lang='lat' dir='ltr'>ubique</span> <span class='ocrx_word' id='word_1_272' title='bbox 1618 2633 1727 2674; x_wconf 88' lang='lat' dir='ltr'>quae</span> <span class='ocrx_word' id='word_1_273' title='bbox 1743 2619 1866 2674; x_wconf 88' lang='lat' dir='ltr'>justa</span> 
     </span>
     <span class='ocr_line' id='line_1_33' title="bbox 326 2684 1866 2742; baseline -0.002 -14"><span class='ocrx_word' id='word_1_274' title='bbox 326 2693 453 2738; x_wconf 78' lang='lat' dir='ltr'>sunt3</span> <span class='ocrx_word' id='word_1_275' title='bbox 483 2686 665 2728; x_wconf 90' lang='lat' dir='ltr'>scientes</span> <span class='ocrx_word' id='word_1_276' title='bbox 686 2700 762 2741; x_wconf 91' lang='lat' dir='ltr'>pro</span> <span class='ocrx_word' id='word_1_277' title='bbox 784 2686 861 2726; x_wconf 91' lang='lat' dir='ltr'>hoc</span> <span class='ocrx_word' id='word_1_278' title='bbox 888 2701 960 2727; x_wconf 89' lang='lat' dir='ltr'>vos</span> <span class='ocrx_word' id='word_1_279' title='bbox 988 2692 1234 2741; x_wconf 89' lang='lat' dir='ltr'>recepturos</span> <span class='ocrx_word' id='word_1_280' title='bbox 1262 2685 1438 2742; x_wconf 86' lang='lat' dir='ltr'>dignam</span> <span class='ocrx_word' id='word_1_281' title='bbox 1468 2684 1707 2726; x_wconf 90' lang='lat' dir='ltr'>mercedem</span> <span class='ocrx_word' id='word_1_282' title='bbox 1739 2685 1794 2725; x_wconf 85' lang='lat' dir='ltr'>ab</span> <span class='ocrx_word' id='word_1_283' title='bbox 1817 2699 1866 2725; x_wconf 91' lang='lat' dir='ltr'>eo</span> 
     </span>
     <span class='ocr_line' id='line_1_34' title="bbox 326 2753 1865 2812; baseline -0.002 -15"><span class='ocrx_word' id='word_1_284' title='bbox 326 2756 449 2812; x_wconf 88' lang='lat' dir='ltr'>cujus</span> <span class='ocrx_word' id='word_1_285' title='bbox 490 2770 671 2811; x_wconf 91' lang='lat' dir='ltr'>regnum</span> <span class='ocrx_word' id='word_1_286' title='bbox 713 2761 757 2796; x_wconf 89' lang='lat' dir='ltr'>et</span> <span class='ocrx_word' id='word_1_287' title='bbox 798 2755 1027 2811; x_wconf 89' lang='lat' dir='ltr'>imperium</span> <span class='ocrx_word' id='word_1_288' title='bbox 1070 2770 1147 2796; x_wconf 89' lang='lat' dir='ltr'>nec</span> <span class='ocrx_word' id='word_1_289' title='bbox 1198 2755 1367 2796; x_wconf 89' lang='lat' dir='ltr'>desinet</span> <span class='ocrx_word' id='word_1_290' title='bbox 1417 2769 1496 2795; x_wconf 92' lang='lat' dir='ltr'>nec</span> <span class='ocrx_word' id='word_1_291' title='bbox 1547 2753 1770 2795; x_wconf 86' lang='lat' dir='ltr'>minuetur</span> <span class='ocrx_word' id='word_1_292' title='bbox 1820 2753 1865 2794; x_wconf 88' lang='lat' dir='ltr'>in</span> 
     </span>
     <span class='ocr_line' id='line_1_35' title="bbox 326 2824 767 2867; baseline -0.005 0"><span class='ocrx_word' id='word_1_293' title='bbox 326 2825 556 2867; x_wconf 87' lang='lat' dir='ltr'>saeculum.</span> <span class='ocrx_word' id='word_1_294' title='bbox 617 2824 767 2866; x_wconf 89' lang='lat' dir='ltr'>valete.</span> 
     </span>
    </p>
   </div>
   <div class='ocr_carea' id='block_1_3' title="bbox 328 2971 1869 3117">
    <p class='ocr_par' dir='ltr' id='par_1_3' title="bbox 328 2971 1869 3117">
     <span class='ocr_line' id='line_1_36' title="bbox 396 2971 1869 3013; baseline -0.001 -9"><span class='ocrx_word' id='word_1_295' title='bbox 396 2975 415 3004; x_wconf 89' lang='lat'><strong>3</strong></span> <span class='ocrx_word' id='word_1_296' title='bbox 440 2973 656 3013; x_wconf 81' lang='lat' dir='ltr'>sanctorum]</span> <span class='ocrx_word' id='word_1_297' title='bbox 673 2972 753 3004; x_wconf 87' lang='lat' dir='ltr'>Ch.:</span> <span class='ocrx_word' id='word_1_298' title='bbox 779 2972 948 3004; x_wconf 83' lang='lat' dir='ltr'>dictorum</span> <span class='ocrx_word' id='word_1_299' title='bbox 964 2972 1048 3004; x_wconf 91' lang='lat' dir='ltr'>DW.</span> <span class='ocrx_word' id='word_1_300' title='bbox 1208 2974 1226 3003; x_wconf 81' lang='grc'><strong>9</strong></span> <span class='ocrx_word' id='word_1_301' title='bbox 1251 2972 1358 3012; x_wconf 81' lang='lat' dir='ltr'>beati]</span> <span class='ocrx_word' id='word_1_302' title='bbox 1375 2972 1486 3004; x_wconf 80' lang='lat' dir='ltr'>sancti</span> <span class='ocrx_word' id='word_1_303' title='bbox 1505 2971 1566 3004; x_wconf 88' lang='lat' dir='ltr'>Ch.</span> <span class='ocrx_word' id='word_1_304' title='bbox 1741 2972 1779 3002; x_wconf 92' lang='grc'>11</span> <span class='ocrx_word' id='word_1_305' title='bbox 1805 2971 1869 3003; x_wconf 89' lang='lat' dir='ltr'>sibi</span> 
     </span>
     <span class='ocr_line' id='line_1_37' title="bbox 328 3023 1867 3066; baseline -0.003 -8"><span class='ocrx_word' id='word_1_306' title='bbox 328 3035 486 3066; x_wconf 82' lang='lat' dir='ltr'>praeesse</span> <span class='ocrx_word' id='word_1_307' title='bbox 499 3026 651 3065; x_wconf 85' lang='lat' dir='ltr'>elegerit]</span> <span class='ocrx_word' id='word_1_308' title='bbox 663 3025 742 3056; x_wconf 84' lang='lat' dir='ltr'>Ch.:</span> <span class='ocrx_word' id='word_1_309' title='bbox 760 3025 951 3066; x_wconf 83' lang='lat' dir='ltr'>preeligerit</span> <span class='ocrx_word' id='word_1_310' title='bbox 962 3025 1047 3056; x_wconf 87' lang='lat' dir='ltr'>DW.</span> <span class='ocrx_word' id='word_1_311' title='bbox 1131 3026 1170 3056; x_wconf 84' lang='lat'>13</span> <span class='ocrx_word' id='word_1_312' title='bbox 1187 3026 1444 3065; x_wconf 84' lang='lat' dir='ltr'>praecepturus]</span> <span class='ocrx_word' id='word_1_313' title='bbox 1455 3024 1534 3055; x_wconf 91' lang='lat' dir='ltr'>Ch.:</span> <span class='ocrx_word' id='word_1_314' title='bbox 1553 3026 1771 3064; x_wconf 83' lang='lat' dir='ltr'>percepturus</span> <span class='ocrx_word' id='word_1_315' title='bbox 1781 3023 1867 3054; x_wconf 87' lang='lat' dir='ltr'>DW.</span> 
     </span>
     <span class='ocr_line' id='line_1_38' title="bbox 331 3075 1868 3117; baseline -0.003 -8"><span class='ocrx_word' id='word_1_316' title='bbox 331 3079 370 3109; x_wconf 88' lang='grc'>16</span> <span class='ocrx_word' id='word_1_317' title='bbox 393 3078 483 3109; x_wconf 84' lang='lat' dir='ltr'>circa</span> <span class='ocrx_word' id='word_1_318' title='bbox 501 3079 550 3117; x_wconf 85' lang='lat' dir='ltr'>se]</span> <span class='ocrx_word' id='word_1_319' title='bbox 566 3077 647 3108; x_wconf 87' lang='lat' dir='ltr'>Ch.:</span> <span class='ocrx_word' id='word_1_320' title='bbox 672 3088 732 3109; x_wconf 87' lang='lat' dir='ltr'>om.</span> <span class='ocrx_word' id='word_1_321' title='bbox 750 3077 835 3109; x_wconf 90' lang='lat' dir='ltr'>DW.</span> <span class='ocrx_word' id='word_1_322' title='bbox 951 3078 991 3108; x_wconf 81' lang='lat'>32</span> <span class='ocrx_word' id='word_1_323' title='bbox 1015 3087 1076 3117; x_wconf 88' lang='lat' dir='ltr'>pro</span> <span class='ocrx_word' id='word_1_324' title='bbox 1093 3076 1172 3116; x_wconf 86' lang='lat' dir='ltr'>hoc]</span> <span class='ocrx_word' id='word_1_325' title='bbox 1190 3076 1269 3107; x_wconf 87' lang='lat' dir='ltr'>Ch.:</span> <span class='ocrx_word' id='word_1_326' title='bbox 1295 3086 1353 3116; x_wconf 88' lang='lat' dir='ltr'>per</span> <span class='ocrx_word' id='word_1_327' title='bbox 1370 3076 1455 3107; x_wconf 86' lang='lat' dir='ltr'>haec</span> <span class='ocrx_word' id='word_1_328' title='bbox 1472 3076 1557 3107; x_wconf 92' lang='lat' dir='ltr'>DW.</span> <span class='ocrx_word' id='word_1_329' title='bbox 1689 3076 1730 3106; x_wconf 88' lang='lat'>33</span> <span class='ocrx_word' id='word_1_330' title='bbox 1754 3075 1868 3115; x_wconf 85' lang='lat' dir='ltr'>cujus]</span> 
     </span>
    </p>
   </div>
   <div class='ocr_carea' id='block_1_4' title="bbox 330 3126 1762 3168">
    <p class='ocr_par' dir='ltr' id='par_1_4' title="bbox 330 3126 1762 3168">
     <span class='ocr_line' id='line_1_39' title="bbox 330 3126 1762 3168; baseline -0.001 -9"><span class='ocrx_word' id='word_1_331' title='bbox 330 3129 416 3160; x_wconf 83' lang='lat' dir='ltr'>after</span> <span class='ocrx_word' id='word_1_332' title='bbox 432 3128 505 3160; x_wconf 80' lang='lat' dir='ltr'>this</span> <span class='ocrx_word' id='word_1_333' title='bbox 522 3129 551 3159; x_wconf 96' lang='lat' dir='ltr'>D</span> <span class='ocrx_word' id='word_1_334' title='bbox 569 3129 598 3160; x_wconf 85' lang='lat' dir='ltr'>is</span> <span class='ocrx_word' id='word_1_335' title='bbox 616 3130 767 3168; x_wconf 81' lang='lat' dir='ltr'>wanting</span> <span class='ocrx_word' id='word_1_336' title='bbox 785 3129 873 3160; x_wconf 83' lang='lat' dir='ltr'>until</span> <span class='ocrx_word' id='word_1_337' title='bbox 892 3139 920 3160; x_wconf 88' lang='lat' dir='ltr'>c.</span> <span class='ocrx_word' id='word_1_338' title='bbox 939 3138 1006 3161; x_wconf 66' lang='grc' dir='ltr'>ΧΠ.</span> <span class='ocrx_word' id='word_1_339' title='bbox 1186 3129 1226 3158; x_wconf 86' lang='grc'>34</span> <span class='ocrx_word' id='word_1_340' title='bbox 1252 3128 1442 3167; x_wconf 86' lang='lat' dir='ltr'>saeculum]</span> <span class='ocrx_word' id='word_1_341' title='bbox 1459 3127 1520 3159; x_wconf 90' lang='lat' dir='ltr'>Ch.</span> <span class='ocrx_word' id='word_1_342' title='bbox 1534 3137 1540 3159; x_wconf 73' lang='grc' dir='ltr'><strong>ε</strong></span> <span class='ocrx_word' id='word_1_343' title='bbox 1554 3126 1691 3160; x_wconf 76' lang='lat' dir='ltr'>÷seculi</span> <span class='ocrx_word' id='word_1_344' title='bbox 1709 3126 1762 3157; x_wconf 85' lang='lat' dir='ltr'>W.</span> 
     </span>
    </p>
   </div>
  </div>
 </body>
</html>
