2385 3891
468 423 563 469 106
768 420 953 469 Flete’s
987 418 1212 481 History
1249 418 1318 482 of
1349 417 1700 469 Westminster

464 550 615 585 natum
637 550 702 585 est
718 550 864 584 autem
882 558 958 598 per
971 542 1112 598 ipsum
1129 542 1331 584 abbatem
1349 542 1401 583 ad
1417 542 1670 584 instantiam
1688 550 1732 585 et
1746 544 2001 600 petitionem

466 612 643 653 Henrici
666 612 710 653 iii
730 612 853 667 regis,
867 611 1063 666 specialis
1079 611 1208 666 hujus
1222 611 1302 652 loci
1316 611 1610 661 benefactoris,
1628 612 1739 668 quod
1758 613 1897 654 tribus
1913 612 2001 653 die-

464 682 544 723 bus
558 682 838 737 sequentibus
854 681 1135 722 festivitatem
1149 681 1443 722 translationis
1457 681 1574 723 beati
1589 682 1701 738 regis
1715 682 1912 723 Edwardi
1925 682 2002 723 fiat

464 751 689 791 servicium
704 750 816 792 sicut
830 751 873 791 in
888 750 1049 806 duplici
1065 751 1185 799 festo,
1200 751 1244 791 in
1258 750 1500 806 pulsatione
1516 767 1820 807 campanarum
1836 757 1880 792 et
1897 751 2002 800 aliis,

464 825 507 859 et
537 818 825 859 celebrabitur
851 818 1033 874 singulis
1063 818 1216 859 diebus
1244 818 1374 860 missa
1402 819 1446 859 in
1475 819 1601 874 capis,
1663 819 1827 874 placuit
1855 825 2001 860 autem
2024 841 2039 870 5

463 887 680 943 praedicto
701 888 850 930 abbati
872 888 926 929 ad
948 888 1201 929 instantiam
1224 894 1268 929 et
1296 888 1553 944 petitionem
1583 895 1820 929 conventus
1849 888 1927 938 sui,
1953 895 2002 929 ut

462 972 539 1012 per
559 956 741 998 unitatis
763 956 981 998 vinculum
1005 957 1198 998 membra
1219 956 1350 1012 capiti
1376 956 1528 998 fortius
1556 957 1743 998 debeant
1772 957 2002 998 adhaerere

463 1026 515 1066 ad
539 1026 901 1068 sustentationem
924 1042 1045 1068 suam
1068 1027 1111 1067 in
1136 1041 1245 1083 pane
1269 1032 1312 1067 et
1335 1026 1525 1075 cervisia,
1540 1032 1583 1068 et
1605 1026 1659 1067 ad
1681 1042 1827 1068 omnes
1851 1026 2001 1067 libera-

465 1095 602 1136 tiones
623 1095 668 1136 in
690 1096 807 1137 curia
824 1095 1273 1137 Westmonasteriensi
1296 1095 1348 1137 de
1364 1096 1463 1151 jure
1487 1095 1712 1144 faciendas,
1730 1096 1772 1136 in
1789 1095 2002 1144 maneriis,

465 1164 705 1205 redditibus
727 1171 772 1206 et
793 1165 1143 1221 possessionibus,
1166 1171 1210 1206 et
1227 1165 1271 1205 in
1294 1165 1531 1220 segregatis
1553 1165 1823 1220 portionibus
1841 1165 2000 1205 eisdem
2027 1185 2064 1206 10

462 1235 696 1290 providere,
732 1241 782 1276 ut
818 1235 862 1276 in
899 1235 1206 1290 compositione
1248 1234 1348 1276 inde
1386 1235 1497 1275 facta
1533 1234 1778 1275 evidentius
1812 1240 2003 1290 apparet,

463 1303 614 1359 sigillis
635 1304 950 1359 praedictorum
973 1303 1143 1345 abbatis
1166 1309 1210 1345 et
1231 1309 1468 1344 conventus
1489 1303 1679 1359 sigillata
1703 1318 1815 1344 anno
1841 1302 2001 1344 domini

464 1373 690 1414 millesimo
718 1374 893 1423 ccxwi,
919 1379 963 1414 et
992 1373 1113 1429 regni
1146 1373 1259 1430 regis
1292 1373 1470 1414 Henrici
1501 1373 1579 1413 filii
1606 1372 1819 1414 Johannis
1846 1378 1930 1421 xmo,
1960 1384 2003 1414 et

464 1442 672 1498 praedicti
703 1442 872 1483 abbatis
903 1457 1014 1483 anno
1046 1441 1141 1492 in03
1173 1442 1384 1483 universis
1416 1448 1460 1483 et
1491 1441 1673 1498 singulis
1705 1441 1756 1482 de
1789 1447 2002 1483 conventu

466 1510 837 1553 Westmonasterii
859 1518 1004 1566 grates
1030 1516 1073 1552 et
1101 1511 1338 1567 gratiarum
1367 1510 1557 1552 actiones
1587 1511 1851 1552 unanimiter
1875 1511 2002 1552 refer-
2028 1532 2063 1561 ¹5

464 1581 650 1631 entibus,
686 1587 892 1636 tanquam
931 1580 1044 1635 patri
1082 1586 1126 1622 et
1159 1581 1332 1636 pastori.
1398 1581 1525 1622 istam
1563 1581 1916 1636 compositionem
1950 1580 2002 1621 ad

464 1651 716 1692 instantiam
739 1650 890 1706 prioris
912 1656 955 1690 et
977 1656 1213 1691 conventus
1236 1650 1609 1691 Westmonasterii
1633 1650 1865 1705 Gregorius
1893 1665 2004 1706 papa

465 1720 542 1761 ix¹¹⁵³
582 1720 861 1770 confirmavit,
889 1719 1128 1761 districtius
1165 1720 1365 1761 inhibens
1398 1735 1451 1761 ne
1485 1719 1705 1776 praedicta
1739 1718 1928 1760 maneria
1960 1719 2004 1759 in

466 1804 567 1830 usus
598 1789 702 1830 alios
734 1794 1050 1830 convertantur.

181 1871 444 1907 >1·23Νον.1246.
553 1858 675 1900 Obiit
706 1864 852 1899 autem
885 1864 1008 1914 pater
1039 1858 1120 1899 iste
1153 1858 1277 1899 xxiii⁰
1307 1858 1376 1899 die
1410 1857 1668 1899 Novembris
1699 1872 1811 1898 anno
1842 1856 2004 1897 domini
2026 1878 2066 1899 20

466 1927 692 1969 millesimo
713 1928 888 1977 ccxlvit⁰‚
911 1934 955 1969 et
976 1928 1097 1984 regni
1120 1928 1233 1983 regis
1257 1928 1432 1970 Henrici
1466 1927 1585 1969 tertii
1615 1929 1728 1977 xxx⁰‚
1757 1942 1854 1968 cum
1884 1942 2004 1983 prae-

179 2010 304 2042 Buried
320 2011 355 2041 in
373 2010 431 2041 the
465 1998 615 2039 fuisset
638 2002 681 2038 et
703 1997 980 2038 laudabiliter
1000 1998 1283 2053 gubernasset
1304 2012 1381 2053 per
1403 1996 1502 2037 xxiv
1531 2010 1687 2046 annos3
1723 1996 2004 2051 sepultusque

179 2054 273 2094 Lady
290 2054 422 2094 chapel.
465 2073 556 2108 erat
577 2072 678 2108 ante
701 2066 891 2108 medium
914 2067 1062 2108 altaris
1084 2067 1129 2108 in
1151 2067 1314 2123 capella
1335 2066 1609 2108 beatissimae
1637 2066 1797 2106 Mariae
1828 2065 2006 2122 virginis

465 2137 509 2177 in
538 2136 690 2177 tumba
717 2152 953 2178 marmorea
978 2137 1180 2178 decenter
1208 2142 1370 2185 ornata,
1398 2152 1484 2192 qua
1512 2135 1786 2192 postmodum
1813 2142 2005 2190 tempore

180 2211 277 2242 Peter
294 2210 420 2259 Combe
469 2205 672 2246 Willelmi
707 2205 954 2247 Colchestre
985 2206 1155 2247 abbatis
1185 2206 1375 2261 ejusdem
1408 2205 1487 2246 loci
1516 2220 1593 2261 per
1621 2206 1795 2246 fratrem
1828 2205 2004 2245 Petrum
2025 2225 2063 2254 ²5

180 2254 405 2328 {lgffissoyslus
466 2274 658 2316 Coumbe
681 2280 785 2316 tunc
807 2274 1026 2315 sacristam
1054 2275 1200 2315 diruta
1226 2281 1270 2315 et
1295 2275 1527 2323 destructa,
1557 2274 1602 2314 in
1632 2274 1780 2314 eodem
1810 2273 1899 2313 loco
1925 2273 2005 2313 sub

465 2344 592 2399 plano
623 2343 776 2399 lapide,
804 2349 854 2384 ut
890 2343 1016 2385 hodie
1050 2343 1252 2391 cernitur,
1287 2343 1360 2383 ubi
1394 2358 1508 2384 nunc
1545 2343 1588 2383 in
1622 2357 1726 2398 pace
1763 2341 2004 2397 requiescit.

465 2413 587 2468 cujus
619 2413 704 2454 tale
736 2418 801 2454 est
833 2413 1128 2469 epitaphium:

582 2499 788 2540 Ricardus
820 2499 1023 2555 Berkyng
1053 2499 1168 2555 prior
1198 2505 1242 2541 et
1274 2505 1370 2555 post
1401 2499 1575 2540 inclitus
1606 2498 1754 2539 abbas:

581 2568 759 2610 Henrici
792 2569 903 2624 regis
934 2569 1122 2625 prudens
1154 2568 1237 2610 fuit
1268 2569 1349 2610 iste
1383 2568 1590 2610 minister.
2025 2588 2066 2618 30

581 2638 710 2694 hujus
742 2644 834 2679 erat
865 2637 1003 2693 prima
1033 2638 1126 2679 laus
1157 2638 1306 2679 Insula
1337 2638 1464 2679 rebus
1495 2636 1657 2693 opima:

580 2708 715 2749 altera
745 2708 838 2748 laus
868 2722 1003 2763 aeque
1035 2707 1189 2763 Thorp,
1221 2722 1372 2749 census
1405 2707 1568 2749 Ocham
1601 2706 1900 2762 decimaeque:

581 2776 712 2818 tertia
743 2777 965 2817 Mortonae
998 2775 1201 2818 Castrum
1233 2776 1364 2817 simili
1396 2776 1586 2826 ratione3

581 2851 625 2885 et
656 2844 768 2899 regis
799 2850 953 2900 quarta
982 2844 1035 2885 de
1067 2844 1216 2885 multis
1247 2844 1468 2885 commoda
1498 2845 1657 2885 charta.

582 2913 820 2956 Clementis
853 2914 959 2954 festo
992 2913 1151 2954 mundo
1183 2913 1386 2969 migravit
1418 2913 1473 2954 ab
1505 2913 1599 2962 isto,
2026 2932 2065 2962 35

582 2982 626 3022 M
659 2981 821 3022 domini
854 2981 888 3023 C
920 2981 985 3022 bis
1018 2982 1097 3022 XL
1128 2988 1334 3037 sextoque
1365 2982 1445 3023 sub
1477 2997 1599 3023 anno.

581 3051 649 3092 cui
681 3051 809 3092 detur
841 3051 965 3092 venia
995 3066 1071 3107 per
1103 3058 1158 3101 te,
1190 3052 1262 3108 pia
1298 3052 1417 3108 virgo
1451 3051 1599 3094 Maria.

533 3168 548 3197 1
575 3167 705 3205 autem]
722 3165 814 3196 enim
835 3166 892 3205 Sp.
1057 3168 1096 3197 12
1121 3166 1282 3206 sigillatis
1299 3166 1340 3197 W
1359 3166 1414 3206 Sp.
1580 3166 1618 3196 15
1644 3163 2006 3204 unanimiter]†dicto

465 3218 581 3249 abbati
600 3219 656 3257 Sp.
826 3219 867 3248 24
892 3228 955 3256 que
973 3218 1029 3257 Sp.
1200 3219 1241 3250 27
1266 3217 1429 3257 lapide]÷
1441 3226 1634 3248 marmoreo
1653 3216 1710 3256 Sp.
1879 3217 1919 3248 29
1944 3226 2004 3246 om.

465 3269 835 3301 Ricardus-—minister
852 3269 904 3300 W.
1083 3271 1123 3300 35
1135 3270 1158 3300 f.
1183 3281 1244 3300 om.
1263 3269 1590 3300 Clementis—-anno
1610 3267 1658 3299 W.
