2385 3891
218 1069 277 1100 IV.
316 1068 420 1099 From

220 1111 374 1144 Sulcard.

221 1218 250 1248 A
266 1216 414 1256 wealthy

222 1260 399 1292 Christian

224 1304 363 1344 [named

225 1347 358 1387 Sebert]
374 1346 487 1378 builds

224 1401 244 1422 a
261 1390 389 1422 church
407 1391 459 1421 for

227 1434 265 1466 St
282 1435 390 1471 Peter,

226 1773 296 1806 and
313 1774 393 1806 asks

225 1817 348 1858 bishop

226 1861 379 1892 Mellitus
396 1863 431 1892 to

225 1906 422 1936 consecrate
439 1904 477 1936 it.

226 2467 298 2498 The
315 2466 465 2499 Thames

225 2511 261 2541 in
278 2510 378 2543 flood.

505 405 569 449 40
811 399 994 448 Flete⁷s
1028 397 1254 460 History
1290 396 1356 459 of
1392 394 1740 444 Westminster

505 526 694 575 tizatam‚
734 525 983 581 pavimenta
1028 522 1183 579 typicis
1230 521 1548 563 characteribus
1598 520 1814 576 inscripta,
1855 518 2042 575 parietes

504 595 712 637 duodenis
734 594 930 636 crucibus
952 592 1215 641 chrismatos,
1237 591 1420 633 totidem
1443 606 1660 632 cereorum
1682 590 2041 646 conflagratorum

505 664 718 720 reliquias.
779 663 883 719 quid
912 661 1098 717 amplius
1127 661 1285 702 faceret
1314 660 1515 701 aedituus
1543 659 1706 700 domini
1734 659 1778 700 in
1808 658 1932 700 domo
1960 657 2042 700 sibi

504 735 693 790 perfecta
714 738 758 774 et
787 734 1061 773 consecrata?
1122 729 1272 771 missas
1294 728 1538 778 celebravit,
1559 728 1768 784 populum
1790 726 1973 769 absolvit
1994 741 2042 767 ac

503 801 737 851 benedixit,
774 806 818 842 et
854 800 933 841 deo
966 798 1195 855 possessori
1232 798 1384 840 domus
1415 813 1517 839 suae
1548 797 1725 854 regique
1761 795 1961 853 regnanti
1996 795 2041 836 in
2063 809 2080 841 5

504 871 602 912 aula
633 885 710 911 sua
740 868 919 925 gloriam
952 874 996 910 et
1028 868 1232 909 honorem
1265 872 1309 909 et
1340 866 1684 908 benedictionem
1720 865 2042 922 imperpetuum

503 939 634 981 dedit.

592 1064 845 1120 Capitulum
883 1070 1098 1119 quartum.
1160 1064 1225 1105 De
1263 1064 1412 1105 eadem
1449 1063 1641 1113 materia,
1682 1070 1733 1104 ut
1765 1061 1967 1104 scribitur
1998 1060 2044 1101 in

504 1134 701 1176 chronica
733 1134 928 1175 Suloardi
961 1133 1158 1175 monachi
1190 1133 1674 1176 Westmonasteriensis.

592 1216 790 1257 Illustrat
822 1215 972 1256 urbem
1006 1215 1251 1256 Londoniae
1282 1215 1425 1270 regius
1462 1213 1599 1255 amnis
1635 1227 1844 1268 aequorea
1877 1211 2043 1253 subter-
2068 1222 2105 1243 10

507 1287 644 1327 fluens
685 1284 890 1326 vastitate
932 1284 1165 1333 Thamesis,
1202 1300 1316 1326 nunc
1357 1284 1563 1325 emittens
1603 1283 1795 1339 itemque
1836 1281 2045 1337 recipiens

508 1356 665 1396 fluctus
686 1369 811 1395 cursu
835 1361 878 1395 et
900 1369 1071 1395 recursu
1102 1354 1243 1411 pelagi
1268 1360 1312 1395 et
1335 1353 1550 1404 fluminis3
1582 1353 1852 1408 insulamque
1881 1352 2044 1393 Thorn-

509 1439 585 1480 eye
614 1423 773 1464 dictam
802 1423 938 1478 cingit
966 1423 1020 1464 ab
1053 1423 1157 1464 urbe
1186 1423 1353 1464 duobus
1382 1422 1586 1464 miliariis.
1648 1421 1950 1478 complacitum
1980 1426 2046 1462 est

510 1494 601 1543 deo,
634 1498 683 1534 ut
714 1493 915 1542 creditur,
947 1498 991 1534 et
1024 1493 1151 1534 beato
1184 1493 1471 1549 apostolorum
1504 1492 1688 1548 principi
1720 1491 1764 1532 in
1796 1491 1874 1532 hac
1905 1491 2046 1532 insula

511 1563 775 1605 mansionem
798 1563 937 1619 parari
960 1563 1053 1613 sibi,
1075 1563 1119 1604 in
1142 1579 1227 1619 qua
1249 1569 1292 1605 et
1314 1564 1419 1605 deus
1448 1563 1492 1604 in
1514 1578 1590 1604 suo
1619 1563 1830 1603 coleretur
1855 1561 2045 1616 apostolo
2068 1583 2105 1613 15

510 1640 555 1675 et
586 1649 663 1690 per
695 1634 788 1689 ejus
824 1633 1113 1689 patrocinium
1147 1640 1191 1674 et
1225 1633 1520 1674 interventum
1556 1632 1831 1674 misereretur
1863 1630 2046 1686 supplici

509 1703 666 1759 populo
703 1717 789 1744 suo.
862 1702 997 1743 instat
1032 1717 1131 1758 ergo
1167 1701 1391 1758 praedives
1428 1700 1685 1742 Christicola
1723 1700 1967 1755 [Sebertus]
2001 1699 2047 1740 in

509 1772 728 1813 fundanda
749 1771 936 1821 ecclesia,
953 1771 1158 1827 brevique
1182 1779 1373 1827 tempore
1395 1772 1630 1827 perfectam
1652 1770 1841 1812 reddidit
1864 1769 2047 1811 instanti

508 1841 650 1882 labore
679 1851 723 1882 et
752 1855 889 1897 opera.
956 1840 1221 1882 commonuit
1253 1841 1419 1882 interea
1445 1841 1537 1896 ejus
1563 1840 1776 1881 dioceseos
1804 1839 2045 1896 praesulem

508 1911 738 1960 Mellitum,
767 1917 817 1952 ut
848 1911 975 1953 beato
1006 1911 1162 1952 melliti
1195 1911 1331 1953 cordis
1364 1911 1490 1952 Petro
1520 1911 1750 1952 fundatum
1782 1915 2046 1951 consecraret
2068 1928 2109 1950 20

507 1981 658 2023 locum.
720 1980 869 2022 audito
906 1980 974 2021 dei
1016 1980 1215 2022 minister
1247 1995 1373 2036 opere
1410 1980 1608 2036 perfecto,
1644 1979 1807 2036 gaudet
1840 1979 1893 2020 de
1929 1978 2047 2020 beati

509 2050 626 2091 Petri
662 2050 832 2099 honore,
869 2049 1070 2105 diemque
1112 2050 1363 2091 denominat
1400 2065 1483 2105 quo
1525 2050 1578 2090 ad
1615 2049 1901 2091 dedicandum
1943 2048 2047 2090 velit

507 2120 734 2162 exsolvere.
814 2125 1023 2175 parantur
1063 2119 1230 2161 interea
1270 2135 1378 2175 quae
1421 2125 1544 2160 erant
1592 2125 1740 2160 tantae
1787 2117 2047 2159 dedicationi

506 2189 754 2238 necessaria,
787 2195 830 2230 et
867 2189 1157 2231 annunciatur
1188 2189 1521 2246 circumquaque
1554 2189 1830 2231 manentibus
1861 2188 2047 2237 deicolis,

507 2264 557 2300 ut
579 2264 803 2300 accurrant
825 2259 879 2300 ad
908 2259 1160 2301 caelestium
1189 2260 1441 2316 nuptiarum
1471 2259 1678 2301 solemnia
1706 2258 1899 2300 celebria.
1961 2263 2046 2299 sta·
2070 2281 2108 2311 25

508 2333 653 2369 tutum
673 2328 786 2369 diem
808 2329 1032 2384 praevenit
1050 2329 1128 2369 deo
1146 2329 1329 2370 dilectus
1347 2330 1540 2385 pontifex
1565 2329 1771 2378 MeHitus
1788 2329 2000 2384 longeque
2023 2344 2048 2369 a

507 2403 752 2438 constructa
774 2398 951 2439 ecclesia
972 2397 1151 2439 dimidio
1173 2398 1355 2439 miliario
1372 2398 1752 2454 advesperascente
1769 2398 1839 2439 die
1861 2397 2048 2439 tentoria

508 2466 770 2508 candescunt
801 2467 980 2509 eminus.
1043 2473 1187 2509 tumor
1215 2468 1330 2509 enim
1364 2468 1649 2510 Thamesinus
1681 2468 1937 2509 obtenderat
1969 2483 2047 2508 un-

509 2535 638 2591 dique
680 2536 972 2578 Thornensem
1022 2536 1220 2586 insulam,
1262 2543 1306 2579 et
1347 2537 1510 2579 intrare
1554 2537 1798 2579 volentibus
1839 2552 1923 2578 non
1946 2536 2048 2578 ‘nisi

509 2604 680 2661 navigio
711 2605 900 2661 aliquam
932 2606 1164 2648 affectabat
1197 2607 1320 2648 viam.
1394 2607 1611 2648 clauditur
1641 2607 1807 2648 caelum
1839 2613 2049 2648 nocturna
2071 2626 2111 2657 30

510 2674 704 2730 caligine,
736 2680 780 2716 et
812 2674 1087 2730 requiescunt
1119 2676 1291 2732 singula
1322 2676 1502 2717 caelitus
1534 2676 1705 2717 indulto
1741 2690 1901 2732 sopore,
1933 2675 2048 2717 diur-

511 2758 671 2798 nosque
688 2743 852 2785 labores
868 2750 1078 2785 nocturna
1095 2745 1324 2786 absolvunt
1346 2744 1505 2800 requie,
1522 2760 1618 2785 cum
1637 2744 1833 2786 caelestis
1854 2744 2049 2801 dignatio

510 2827 680 2853 omnem
702 2819 929 2868 acceptans
946 2813 1219 2855 devotionem
1243 2814 1419 2856 humilis
1436 2820 1481 2855 et
1504 2814 1641 2870 quieti
1663 2814 1799 2856 cordis
1821 2814 2048 2856 clarificare

511 2881 700 2923 intendit
723 2882 848 2923 electi
869 2883 1048 2939 gloriam
1070 2883 1250 2925 clientis.

579 2983 617 3013 11
642 2983 780 3014 temesis
799 2984 870 3015 Sul.
1106 2985 1272 3025 itemque]
1290 2995 1382 3016 nunc
1401 2985 1471 3017 Sul.
1717 2986 1756 3016 13
1780 2984 1882 3025 tingit
1900 2986 1973 3017 DW
1991 2986 2048 3026 Sp.

514 3034 553 3064 14
577 3034 748 3065 credimus
767 3035 836 3067 Sul.
1075 3038 1114 3069 17
1139 3048 1198 3069 om..
1222 3037 1382 3069 Sebertus
1402 3037 1473 3069 Sul.
1710 3038 1749 3069 19
1773 3047 1873 3077 opere
1891 3037 1961 3069 Sul.

513 3087 552 3116 21
578 3085 704 3116 Addito
720 3086 794 3117 DW
810 3087 866 3127 Sp.
1044 3089 1194 3129 perfecto
1212 3099 1312 3129 opere
1329 3089 1471 3120 ecclesie
1490 3089 1561 3121 Sul.
1741 3090 1782 3119 22
1807 3089 2049 3131 dedicandum]

521 3146 591 3171 ÷se
609 3137 680 3168 Sul.
858 3140 898 3170 23
922 3144 1036 3171 essent
1055 3141 1127 3171 Sul.
1287 3142 1328 3173 25
1353 3144 1572 3173 accurrerent
1590 3142 1662 3173 Sul.
1810 3143 1852 3172 28
1875 3142 1979 3173 timor
1995 3142 2047 3173 W.

512 3190 725 3221 themesinus
743 3191 816 3221 DW
835 3192 891 3232 Sp.
906 3205 912 3224 z
938 3193 1127 3224 temesinus
1147 3193 1216 3224 Sul.
1303 3193 1509 3225 obtunderat
1527 3194 1600 3225 DW
1619 3194 1675 3233 Sp.
1763 3195 1802 3225 31
1820 3193 1957 3226 indulta
1975 3195 2046 3226 Sul.

512 3243 552 3273 33
577 3241 776 3283 clarificare]
795 3243 884 3275 Su1.:
910 3244 1001 3275 clare
1018 3245 1092 3276 DW
1111 3245 1167 3285 Sp.
