2385 3891
509 410 572 455 34
819 406 1003 456 Flete’s
1037 405 1262 469 History
1298 405 1366 469 of
1398 404 1743 454 Westmiozster

224 541 416 590 Evidences
433 541 470 572 of
596 533 675 574 Pro
709 532 961 574 fundatione
1002 545 1200 586 namque,
1236 529 1505 571 dedicatione
1539 545 1586 571 ac
1619 530 1882 586 antiquitate
1923 536 2046 586 patet

223 585 433 660 ΞᾎᾚΠέἒὲζῖἷ]
508 603 731 645 evidenter
759 618 809 644 ex
841 601 1136 643 vetustissimo
1165 601 1460 642 chronicarum
1492 601 1611 651 libro,
1640 601 1773 643 veteri
1807 602 2045 657 Anglorum

222 672 375 710 cration;
507 673 597 714 sive
620 673 840 714 Saxonum
863 672 1012 727 lingua
1032 671 1281 727 conscripto.
1342 671 1449 712 item
1477 670 1523 711 in
1545 670 1629 712 alia
1649 676 1822 712 Vetusta
1850 670 2047 712 chronica

507 757 616 798 quae
633 742 691 783 sic
708 741 877 796 incipit:
900 741 1109 796 Tempore
1127 755 1211 795 quo
1227 754 1301 780 rex
1324 739 1603 780 Ethelbertus
1625 744 1702 780 etc.
1754 739 1860 780 item
1883 755 1934 781 ex
1956 739 2047 780 vita

507 811 644 852 sancti
666 810 824 852 Melliti
848 809 1158 850 Londoniensis
1180 808 1377 865 episcopi.
1428 808 1535 850 item
1558 824 1609 850 ex
1631 808 1828 850 chronica
1850 808 2045 850 Sulcardi
2067 820 2083 851 5

507 880 704 921 monachi
733 878 1220 921 westmonasteriensis.
1282 877 1388 919 item
1420 893 1472 919 ex
1504 877 1689 933 quadam
1718 877 1916 918 chronica
1936 892 2046 933 quae

505 951 636 992 Liber
657 950 820 1006 Regius
841 949 1093 1005 appellatur.
1156 948 1261 989 item
1281 963 1332 989 ex
1349 947 1547 989 chronica
1569 947 1790 1003 Ranulphi
1807 946 2047 988 Cestrensis

505 1021 712 1062 monachi.

220 1102 255 1133 of
271 1101 406 1142 dignity
594 1091 674 1132 Pro
702 1089 918 1146 dignitate
951 1089 1083 1130 etiam
1112 1104 1160 1130 ac
1192 1088 1394 1130 libertate
1424 1094 1547 1145 patet
1579 1087 1803 1129 evidenter
1833 1102 1885 1128 ex
1916 1086 2046 1128 bullis

219 1145 288 1177 and
305 1145 473 1184 freedom;
504 1175 768 1202 summorum
786 1158 1039 1214 pontificum
1055 1163 1229 1199 sanctae
1245 1157 1463 1198 Romanae
1480 1156 1681 1198 ecclesiae
1695 1154 2046 1212 praesidentium,
2069 1171 2108 1192 10

504 1230 704 1271 videlicet
733 1228 978 1270 Innocentii
1007 1234 1051 1269 et
1081 1227 1273 1268 aliorum.
1336 1227 1439 1268 item
1472 1242 1523 1267 ex
1553 1226 1701 1267 charta
1724 1231 1767 1266 et
1792 1224 1880 1265 vita
1908 1223 2045 1265 sancti

504 1300 723 1342 Dunstani
765 1298 1092 1342 Cantuariensis
1134 1296 1439 1353 archiepiscopi
1483 1296 1750 1351 aliorumque
1792 1293 2045 1350 pontificum

504 1370 699 1426 Angliae.
760 1369 867 1411 item
910 1384 961 1410 ex
1003 1367 1162 1410 chartis
1204 1373 1248 1408 et
1290 1366 1560 1423 telligraphis
1601 1379 1752 1421 regum
1794 1363 2046 1419 Anglorum,

505 1439 705 1480 videlicet
735 1439 857 1481 Offae
888 1444 931 1480 et
961 1437 1199 1493 Kenulphi,
1222 1436 1393 1492 Edgari,
1423 1435 1658 1484 Ethelredi,
1680 1433 1817 1476 sancti
1847 1432 2045 1474 Edwardi

504 1509 569 1563 (in
604 1509 823 1566 praedicto
865 1509 954 1550 loco
997 1507 1227 1549 honorifice
1269 1522 1316 1547 ac
1358 1507 1562 1547 decenter
1598 1503 1800 1557 humati),
1838 1501 2045 1544 Willelmi
2069 1516 2104 1547 15

503 1579 633 1635 primi
650 1577 954 1634 conquestoris,
972 1592 1020 1618 ac
1038 1577 1243 1618 heredum
1268 1576 1462 1632 ejusdem
1480 1590 1631 1631 regum
1649 1573 1833 1630 Angliae
1850 1572 2045 1628 legitime

504 1648 827 1690 succedentium
857 1662 993 1702 usque
1022 1646 1076 1687 ad
1105 1652 1301 1701 tempora
1330 1644 1589 1686 serenissimi
1618 1642 1825 1699 principis
1853 1657 1902 1683 ac
1933 1641 2045 1697 regis

503 1718 690 1774 Angliae
714 1716 892 1758 Henrici
915 1716 1039 1766 sexti,
1060 1730 1173 1756 anno
1195 1714 1452 1770 supradicto.

217 1804 254 1836 of
270 1805 467 1845 exemption
592 1788 672 1828 Pro
693 1786 965 1843 exemptione
988 1792 1147 1835 autem,
1163 1784 1465 1840 jurisdictione
1488 1783 1577 1824 sive
1595 1782 1807 1823 ordinaria
1827 1786 2045 1837 potestate

217 1848 401 1923 {ffliffifss'
503 1857 697 1913 ejusdem
731 1856 822 1906 loci,
854 1857 1096 1897 luculenter
1127 1856 1259 1896 claret
1296 1870 1347 1895 ex
1378 1853 1508 1895 bullis
1541 1851 1736 1908 Gregorii
1762 1866 1898 1907 papae
1924 1850 2044 1892 tertii
2065 1862 2106 1884 20

502 1942 550 1968 ac
572 1926 817 1968 Innocentii
840 1925 970 1967 tertii.
1032 1925 1138 1966 item
1162 1940 1212 1965 ex
1240 1925 1388 1965 charta
1409 1922 1546 1965 sancti
1570 1920 1800 1963 Dunstani.
1862 1920 1969 1961 item
1992 1935 2043 1961 ex

503 1995 721 2037 sententia
762 1996 851 2036 lata
890 2010 967 2050 per
1008 1993 1296 2035 venerabilem
1331 1993 1375 2033 in
1410 1991 1584 2034 Christo
1619 1996 1788 2046 patrem
1821 1989 2045 2030 dominum

504 2065 777 2121 Stephanum
799 2064 1158 2107 Cantuariensem
1175 2063 1542 2119 archiepiscopum
1565 2067 1609 2102 et
1631 2066 1803 2102 sanctae
1826 2060 2044 2100 Romanae

504 2134 706 2176 ecclesiae
743 2134 1015 2175 cardinalem.
1091 2134 1197 2175 item
1235 2149 1286 2174 ex
1321 2148 1369 2174 eo
1405 2132 1519 2188 quod
1553 2131 1685 2172 abbas
1719 2135 1768 2171 ut
1805 2128 2044 2169 ordinarius

504 2204 676 2245 clericos
697 2203 912 2245 convictos
928 2219 1069 2244 coram
1084 2202 1339 2259 justiciariis
1355 2202 1468 2258 regis
1489 2201 1600 2242 infra
1614 2199 1827 2256 palatium
1850 2198 2043 2254 ejusdem
2064 2212 2103 2244 25

506 2273 704 2314 vendicat
734 2279 778 2314 et
807 2273 950 2322 habet,
979 2278 1023 2313 et
1054 2288 1156 2314 suae
1188 2271 1407 2313 custodiae
1438 2270 1704 2326 mancipatos
1735 2268 1889 2310 liberat
1914 2268 2045 2324 juxta

505 2342 707 2384 canonica
744 2342 960 2384 instituta.
1022 2341 1128 2383 item
1166 2356 1216 2382 ex
1252 2356 1300 2382 eo
1334 2340 1448 2396 quod
1484 2340 1616 2381 abbas
1653 2338 1846 2394 ejusdem
1882 2337 1962 2378 loci
1998 2336 2044 2377 in

505 2411 646 2467 capite
680 2411 1034 2467 quadragesimae
1070 2410 1345 2466 paenitentes
1381 2424 1406 2449 a
1442 2408 1665 2449 liminibus
1698 2406 1899 2448 ecclesiae
1931 2405 2044 2455 eicit,

505 2487 549 2522 et
571 2480 616 2521 in
644 2495 749 2522 cena
774 2480 936 2521 domini
966 2495 1080 2521 more
1111 2478 1396 2521 ecclesiastico
1424 2477 1682 2527 reconciliat,
1705 2482 1754 2518 ut
1782 2481 1906 2532 patet
1935 2475 2043 2516 libro

504 2549 892 2591 consuetudinario.
2064 2564 2105 2595 30

219 2691 246 2722 1,
286 2691 389 2722 From
406 2702 450 2723 an
592 2669 845 2725 Capitulum
866 2668 1065 2724 primum.
1122 2667 1188 2708 De
1211 2665 1462 2708 fundatione
1485 2672 1529 2707 et
1550 2665 1819 2707 dedicatione
1841 2664 2043 2706 ecclesiae

218 2734 406 2810 gffloffiffssn
504 2738 989 2788 Westmonasteriensis‚
1022 2744 1071 2779 ut
1103 2737 1289 2778 habetur
1316 2736 1360 2777 in
1392 2735 1577 2791 quodam
1610 2735 1717 2776 libro
1751 2734 2043 2776 vetustissimo

395 2802 401 2810 ⁸
503 2808 811 2857 chronicarum,
834 2807 969 2848 veteri
992 2807 1232 2862 Anglorum
1255 2805 1343 2846 sive
1366 2805 1586 2846 Saxonum
1615 2804 1765 2859 lingua
1792 2803 2041 2859 conscripto.

220 2911 441 2943 Foundation
592 2895 632 2935 A
649 2893 870 2950 primitivo
888 2899 1081 2948 tempore
1100 2891 1374 2934 Christianae
1390 2890 1491 2932 fidei
1508 2890 1622 2931 inter
1639 2890 1839 2931 Britones
1856 2889 2042 2940 habitae,

220 2955 481 3030 sziSIiueiua
506 2965 583 3006 hoc
605 2970 670 3006 est
692 2979 717 3005 a
738 2964 890 3005 diebus
911 2963 1034 3004 Lucii
1056 2962 1167 3018 regis
1189 2962 1433 3011 eorundem,
1454 2961 1529 3016 qui
1550 2960 1713 3016 primus
1735 2959 1779 3001 in
1801 2960 1879 3000 hoc
1900 2974 2042 3016 regno,
2063 2977 2101 3008 35

244 3023 249 3029 ¹
281 3023 288 3030 ’
375 3023 382 3029 ”
507 3033 549 3074 id
572 3039 637 3074 est
659 3033 739 3074 sub
761 3047 872 3073 anno
890 3031 1055 3088 gratiae
1072 3031 1272 3081 clxxxiv⁰‚
1289 3032 1429 3087 legem
1451 3030 1641 3071 divinam
1659 3029 1786 3071 simul
1809 3036 1853 3071 et
1869 3034 2041 3070 sanctae

507 3102 844 3158 regenerationis
861 3102 1076 3142 lavacrum
1095 3100 1256 3157 legitur
1272 3100 1519 3156 suscepisse,
1536 3099 1617 3141 iste
1635 3100 1751 3140 locus
1767 3099 1821 3140 ad
1838 3099 2041 3140 honorem

508 3172 577 3213 dei
600 3171 805 3212 fundatus
828 3177 871 3212 et
893 3176 1163 3212 consecratus
1185 3171 1336 3219 fuerat,
1359 3176 1489 3225 atque
1511 3170 1565 3211 ad
1586 3169 1748 3225 regiam
1774 3169 2041 3224 sepulturam

508 3239 802 3296 regaliumque
818 3239 1118 3295 repositorium
1134 3238 1378 3295 specialiter
1391 3244 1482 3279 erat
1496 3238 1743 3294 deputatus.
1775 3237 1849 3293 qui
1866 3236 2040 3293 quidem

508 3310 623 3351 locus
645 3310 688 3350 in
711 3309 859 3350 eadem
890 3324 964 3364 per
993 3309 1130 3349 multa
1157 3324 1306 3363 regum
1334 3314 1528 3365 tempora
1553 3306 1789 3363 permansit
1814 3305 2040 3361 dignitate,
2060 3324 2102 3353 40
