2385 3891
231 544 276 575 ΙΙ.
320 542 436 582 [From

231 585 375 618 Ailred’s
391 585 467 616 Life

231 631 267 661 of
284 630 322 661 St
338 627 485 660 Edward

234 672 427 716 (Twysden,

234 716 297 748 col.
315 717 417 757 385)].

237 1256 277 1287 K.
297 1255 414 1287 Sebert

238 1299 351 1330 builds
365 1310 385 1330 a

236 1345 434 1382 monastery

242 1389 277 1418 to
296 1387 335 1417 St
352 1386 459 1417 Peter.

240 1536 313 1567 The
330 1536 463 1577 apostle

241 1590 354 1611 comes
371 1583 406 1610 to
423 1589 501 1611 con-

243 1626 371 1655 secrate
388 1623 447 1654 the

244 1666 384 1698 church.

251 2854 304 2885 He
323 2852 424 2884 sends
438 2861 457 2883 a

250 2905 405 2934 message
422 2895 465 2934 by
481 2905 500 2925 a

252 2941 441 2971 fisherman

251 2987 287 3015 to
304 2983 427 3022 bishop

252 3026 416 3057 Mellitus.

514 411 576 456 36
827 406 1007 456 Flete's
1042 404 1265 465 Hv'storgs
1302 403 1368 465 of
1404 401 1751 450 Westmin.s·te·r

602 532 854 588 Capitulum
878 530 1126 572 secundum.
1179 527 1384 583 Ejusdem
1404 526 1668 567 fundationis
1691 532 1735 567 et
1756 524 2050 574 dedicationis,

515 608 565 643 ut
596 602 641 642 in
671 601 756 642 alia
786 600 983 642 chronica
1014 604 1187 639 vetusta
1217 596 1446 638 invenitur.

605 689 813 743 Tempore
862 701 946 742 quo
987 700 1061 726 rex
1103 683 1396 731 Ethelbertus‚
1437 681 1511 738 qui
1552 681 1750 738 regnavit
1790 681 1835 722 in
1877 679 2052 729 Kantia,

520 757 793 813 praedicante
815 756 942 796 beato
965 753 1212 809 Augustino
1234 752 1334 793 fidei
1357 757 1624 792 sacramenta
1644 756 1900 807 susceperat,
1921 763 2053 804 nepos

520 840 689 881 quoque
732 825 825 879 ejus
868 823 1086 871 Sebertus,
1123 821 1197 877 qui
1239 820 1535 862 Orientalibus
1576 820 1819 862 Saxonibus
1854 817 2053 875 praefuit,

521 894 649 935 fidem
672 894 799 934 beato
830 892 997 933 Mellito
1025 890 1301 946 praedicante
1332 889 1530 945 suscepit.
1593 889 1729 946 igitur
1759 889 1804 930 in
1833 887 2055 930 Londonia

520 964 697 1005 civitate
731 978 803 1003 rex
836 961 1169 1004 Cantuariorum
1203 960 1483 1001 Ethelbertus
1514 960 1629 1001 intra
1659 974 1801 1001 muros
1833 957 2054 1000 ecclesiam

520 1034 564 1074 in
586 1034 743 1074 honore
764 1031 882 1072 beati
906 1030 1028 1072 Pauli
1046 1036 1296 1071 construens
1318 1029 1547 1085 episcopali
1569 1044 1663 1070 eam
1685 1029 1784 1070 sede
1808 1027 1943 1069 voluit
1965 1041 2055 1068 esse

519 1104 770 1145 sublimem:
812 1101 880 1143 cui
909 1108 1082 1142 sanctus
1111 1100 1317 1149 Mellitus,
1345 1115 1473 1156 quem
1505 1100 1658 1140 beatus
1685 1114 1797 1155 papa
1825 1097 2056 1154 Gregorius

520 1189 617 1215 cum
634 1172 831 1229 pluribus
845 1171 940 1212 aliis
953 1171 998 1212 in
1015 1170 1082 1226 adj
1090 1170 1279 1211 utorium
1294 1169 1470 1211 miserat
1484 1168 1743 1225 Augustino,
1760 1167 1914 1209 merito
1928 1166 2056 1208 simul

522 1250 565 1285 et
587 1244 744 1284 honore
768 1240 1002 1298 pontificali
1025 1240 1189 1296 primus
1211 1240 1401 1281 omnium
1425 1238 1622 1294 praefuit.
1680 1238 1888 1280 Sebertus
1909 1242 2056 1278 autem

522 1328 595 1354 rex
625 1311 838 1360 Essexiae,
859 1311 983 1351 beato
1007 1310 1133 1350 Petro
1155 1309 1347 1357 devotus,
1370 1308 1414 1348 in
1443 1307 1697 1349 occidentali
1718 1312 1840 1363 parte
1863 1306 2056 1362 ejusdem

522 1381 711 1423 civitatis
733 1387 854 1422 extra
876 1396 1018 1421 muros
1040 1380 1085 1420 in
1104 1380 1261 1420 honore
1277 1379 1395 1420 beati
1419 1378 1535 1420 Petri
1558 1377 1866 1419 monasterium
1888 1376 2057 1431 insigne

523 1451 732 1502 fundavit,
754 1451 904 1492 multis
926 1450 1033 1491 illud
1055 1449 1242 1491 donariis
1264 1464 1418 1490 ornans
1441 1455 1484 1489 et
1506 1448 1650 1489 ditans
1670 1446 2018 1504 possessionibus.

610 1521 799 1562 Venerat
820 1526 967 1561 autem
991 1525 1163 1575 tempus
1185 1534 1268 1574 quo
1290 1517 1467 1559 ecclesia
1488 1517 1532 1558 in
1555 1532 1604 1558 eo
1633 1518 1773 1558 fuerat
1798 1515 2058 1565 dedicanda3

522 1589 768 1646 paratisque
816 1588 1015 1630 omnibus
1063 1603 1138 1644 pro
1187 1588 1288 1637 loco,
1328 1602 1403 1642 pro
1449 1592 1652 1641 tempore,
1694 1601 1769 1641 pro
1811 1583 2059 1626 monasterii

523 1658 750 1715 dignitate,
786 1664 943 1713 agente
980 1657 1112 1698 etiam
1154 1672 1204 1698 ea
1243 1662 1367 1697 nocte
1402 1655 1446 1696 in
1483 1655 1681 1696 tentoriis
1718 1654 1926 1710 episcopo,
1968 1653 2059 1694 dies

524 1729 710 1769 crastina
738 1727 1091 1784 praestolabatur.
1155 1741 1310 1782 magna
1338 1725 1476 1782 plebis
1506 1725 1758 1781 expectatio,
1785 1740 1894 1780 quae
1920 1724 2059 1765 adhuc

523 1798 641 1839 rudis
673 1798 717 1838 in
746 1798 829 1838 fide
862 1797 928 1838 his
959 1796 1177 1838 solemniis
1209 1796 1415 1837 interesse
1446 1810 1530 1836 non
1559 1796 1696 1836 solum
1724 1810 1800 1851 pro
1833 1794 2059 1836 devotione

524 1868 597 1909 sed
634 1867 766 1908 etiam
800 1882 875 1922 pro
912 1865 1196 1907 admiratione
1227 1865 1456 1920 gaudebat.
1523 1864 1670 1905 eadem
1703 1870 1828 1905 nocte
1858 1862 2060 1920 piscatori

525 1936 694 1978 cuidam
724 1937 768 1976 in
798 1935 1052 1977 Thamensis
1081 1934 1213 1984 fluvii,
1236 1933 1311 1989 qui
1340 1933 1479 1974 eidem
1514 1933 1771 1974 monasterio
1800 1931 2061 1981 subterfluit,

526 2005 719 2047 ulteriori
748 2005 841 2061 ripa
869 2005 914 2045 in
943 2004 1094 2045 habitu
1123 2003 1349 2060 peregrino
1377 2003 1531 2044 beatus
1554 2003 1707 2043 Petrus
1736 2016 1946 2058 apparens
1967 2015 2061 2056 pro-

527 2075 655 2116 missa
685 2074 877 2116 mercede
909 2073 1131 2129 transponi
1160 2088 1204 2114 se
1235 2073 1289 2114 ab
1322 2072 1470 2113 eodem
1503 2077 1547 2112 et
1578 2071 1708 2127 petiit
1740 2077 1784 2112 et
1812 2069 2061 2126 promeruit.

528 2158 723 2200 egressus
763 2149 911 2184 autem
949 2158 971 2184 e
1004 2142 1202 2184 navicula
1235 2141 1470 2190 ecclesiam,
1506 2141 1716 2197 piscatore
1750 2145 1964 2188 cernente,
1998 2139 2061 2179 in-

526 2213 737 2270 greditur:
769 2219 813 2254 et
836 2228 930 2254 ecce
948 2213 1091 2254 subito
1112 2213 1185 2253 lux
1208 2211 1403 2253 caelestis
1425 2210 1613 2259 emicuit,
1631 2210 1822 2265 miroque
1839 2208 2063 2264 splendore

529 2284 782 2325 collustrans
804 2283 947 2324 omnia
964 2289 1134 2324 noctem
1152 2281 1364 2324 convertit
1385 2281 1430 2321 in
1452 2281 1578 2322 diem.
1610 2279 1736 2321 affuit
1758 2295 1855 2320 cum
1873 2279 2063 2335 apostolo

530 2353 767 2394 multitudo
785 2353 943 2394 civium
961 2367 1254 2408 supernorum,
1272 2357 1315 2392 et
1330 2350 1467 2391 choris
1482 2349 1738 2405 hymnidicis
1755 2348 2063 2405 praeeuntibus

531 2422 715 2463 melodia
736 2421 939 2463 insonuit.
984 2421 1127 2462 omnia
1148 2421 1275 2476 plena
1297 2419 1470 2469 lumine,
1485 2419 1628 2460 onmia
1649 2420 1805 2460 referta
1821 2418 2064 2460 dulcedine:

530 2507 654 2533 aures
695 2491 912 2547 angelicae
957 2491 1068 2532 vocis
1111 2490 1326 2531 mulcebat
1362 2488 1633 2545 jocunditas3
1676 2503 1799 2529 nares
1831 2487 2064 2528 indicibilis

531 2561 670 2602 odoris
702 2560 936 2616 fragrantia
963 2559 1276 2616 perfundebat:
1309 2559 1450 2600 oculos
1476 2559 1549 2599 lux
1578 2558 1779 2599 aetherea
1807 2557 2064 2599 illustrabat.

532 2631 790 2672 videbantur
818 2630 939 2686 quasi
970 2629 1107 2671 mixta
1135 2636 1305 2670 terrena
1330 2628 1598 2677 caelestibus,
1621 2628 1810 2669 humana
1838 2627 2067 2683 conjuncta

531 2700 713 2750 divinis3
764 2707 808 2741 et
845 2699 966 2755 quasi
1004 2699 1048 2739 in
1085 2699 1197 2740 scala
1232 2699 1366 2740 Jacob
1402 2698 1544 2753 angeli
1577 2697 1885 2738 descendentes
1923 2702 1966 2738 et
2002 2711 2066 2737 as-

532 2770 764 2810 cendentes
797 2769 840 2809 in
873 2769 958 2809 illis
990 2769 1118 2810 sacris
1150 2767 1367 2809 solemniis
1399 2768 1660 2809 visebantur.

621 2838 737 2890 Quid
774 2839 927 2894 plura?
968 2837 1152 2894 peractis
1189 2837 1388 2878 omnibus
1424 2852 1533 2892 quae
1570 2837 1624 2877 ad
1661 2835 1862 2877 ecclesiae
1897 2835 2066 2876 dedica-

534 2907 695 2948 tionem
718 2914 915 2963 spectant
937 2907 1165 2956 solemniis,
1183 2906 1310 2948 rediit
1331 2906 1385 2947 ad
1407 2906 1661 2961 piscatorem
1683 2904 1865 2961 piscium
1881 2904 2068 2960 piscator

534 2976 732 3033 egregius
755 2976 988 3018 hominum.
1050 2991 1177 3031 quem
1199 2991 1308 3025 cum,
1329 2974 1465 3016 divini
1487 2973 1661 3015 luminis
1683 2973 1846 3028 fulgore
1867 2972 2067 3028 perterri-

534 3051 642 3095 tum,
670 3045 906 3087 alienatum
939 3061 1074 3101 paene
1107 3045 1302 3087 sensibus
1332 3044 1571 3101 reperisset,
1600 3043 1757 3084 blanda
1781 3042 2069 3084 consolatione

602 3150 620 3180 7
645 3148 750 3187 intra]
768 3147 905 3179 Ailred:
932 3147 1027 3178 iuxta
1044 3147 1118 3178 DW
1137 3147 1316 3187 Sp(orley).
1547 3147 1566 3177 8
1591 3145 1681 3185 sede]
1698 3145 1762 3177 Ail.
1784 3145 1814 3175 D
1833 3145 1890 3185 Sp.
1906 3158 1913 3177 ε
1938 3154 1998 3176 om.
2016 3144 2070 3177 W.

534 3201 575 3230 23
599 3201 632 3229 et
650 3200 698 3238 1⁰]
714 3199 780 3229 Ail.
798 3199 828 3228 D
847 3199 903 3238 Sp.
920 3212 925 3230 :
950 3209 1010 3229 om.
1029 3198 1081 3229 W.
1317 3200 1357 3231 27
1383 3208 1610 3238 supernorum
1628 3198 1755 3229 civium
1773 3196 2021 3237 egredientium
2038 3198 2071 3228 et

535 3250 803 3291 ingredientium
820 3251 886 3281 Ail.
1064 3252 1104 3282 28
1129 3251 1254 3282 refecta
1270 3251 1343 3282 DW
1362 3251 1419 3291 Sp.

2080 1185 2118 1206 10

2083 1532 2118 1561 15

2080 1878 2121 1899 20

2083 2223 2121 2253 ²5

2085 2574 2124 2604 30

2087 2918 2126 2951 35
