2385 3891
245 2356 296 2387 Cf.
316 2356 471 2386 ‘Domes-

245 2399 325 2439 day‘
344 2399 367 2430 f.
386 2399 464 2430 501).

522 429 584 474 86
822 423 1004 473 Flece’s
1038 420 1264 483 History
1299 420 1365 484 of
1402 419 1751 468 Westvrz'inscer

522 547 705 589 litterati
740 546 866 587 multi
908 546 1106 587 certatim
1148 545 1372 592 confluere,
1409 549 1453 584 et
1494 542 1677 584 cervices
1718 556 1815 583 suas
1856 538 2059 595 obsequio

521 616 728 672 regularis
759 616 872 656 vitae
902 615 1126 656 humiliter
1146 614 1362 655 inclinare.
1424 612 1503 653 viri
1527 627 1625 653 vero
1654 610 1768 652 haud
1790 607 2061 651 mediocriter

522 687 696 736 nobiles,
728 686 910 727 nimium
948 687 1201 742 locupletes‚-
1226 685 1382 726 liberos
1414 683 1643 725 tradebant
1675 688 1719 723 et
1751 680 2005 723 erudiendos
2035 694 2060 720 a

523 756 758 797 Lanfranco
798 755 842 795 in
884 755 1126 796 liberalium
1168 753 1328 795 artium
1373 752 1644 809 philosophia
1693 758 1737 792 et
1785 749 1975 798 scientia,
2016 754 2060 789 et

524 825 811 866 informandos
833 839 909 880 per
931 824 1226 866 Herlewinum
1249 823 1293 864 in
1315 822 1501 879 regulari
1524 821 1761 877 disciplina.
1821 820 1936 860 inter
1956 832 2061 873 quos
2081 837 2097 865 5

524 901 568 935 et
609 893 747 935 carnis
789 893 1062 950 ingenuitate
1102 892 1272 934 refulsit
1313 891 1358 932 in
1399 890 1668 932 Normannia
1703 888 1956 945 conspicuus
2000 886 2062 927 vir

523 963 760 1019 praedives,
781 962 1026 1003 Willelmus
1048 968 1330 1019 cognomento
1354 961 1591 1017 Crispinus.
1613 960 1686 1016 qui
1708 959 1845 1000 filium
1868 973 1994 1000 suum
2016 956 2061 997 in

523 1039 673 1075 tenera
693 1038 837 1074 aetate
859 1032 1151 1074 Gislebertum
1174 1030 1405 1087 praedictis
1426 1030 1623 1087 patribus
1645 1028 1840 1078 contulit,
1858 1034 1902 1068 et
1925 1026 2062 1067 multa

523 1103 771 1159 temporalis
812 1102 926 1143 vitae
968 1101 1159 1143 subsidia
1200 1117 1297 1142 cum
1346 1115 1478 1156 puero
1526 1098 1799 1140 ministravit.
1879 1112 2058 1153 quorum

524 1172 778 1213 informatus
814 1171 1052 1219 honestate,
1086 1176 1130 1211 et
1166 1169 1403 1226 disciplinis
1440 1169 1635 1210 imbutus
1671 1174 1715 1209 et
1748 1165 1967 1222 exemplis,
2002 1165 2062 1206 sic
2085 1186 2122 1206 10

524 1257 622 1282 cum
645 1240 790 1281 divino
819 1240 998 1296 perfecit
1030 1239 1233 1295 obsequio
1262 1239 1307 1280 in
1336 1238 1464 1280 sacris
1496 1238 1654 1279 litteris
1683 1244 1727 1278 et
1757 1234 2062 1292 philosophicis

525 1310 751 1360 institutis,
793 1317 842 1351 ut
884 1325 1030 1351 omnes
1072 1315 1236 1365 septem
1280 1316 1394 1350 artes
1435 1324 1540 1364 quas
1577 1308 1773 1349 liberales
1816 1311 1968 1347 vocant
2009 1304 2062 1345 ad

527 1395 717 1435 unguem
759 1395 894 1436 usque
935 1379 1104 1436 plenius
1145 1380 1397 1429 addisceret,
1433 1386 1476 1421 et
1513 1394 1659 1420 earum
1698 1377 1856 1418 rivulos
1897 1374 2062 1431 copiose

525 1449 721 1490 dividens
761 1449 957 1504 pluribus
998 1449 1088 1505 ipse
1126 1449 1190 1490 vir
1229 1450 1445 1504 perfectus
1485 1448 1530 1489 in
1567 1447 1771 1504 religione
1803 1444 2062 1501 propinaret.

525 1518 648 1574 cujus
684 1524 808 1559 tanta
839 1518 922 1559 fuit
954 1518 998 1559 in
1029 1518 1170 1559 activa
1202 1524 1246 1559 et
1277 1516 1613 1573 contemplativa
1644 1516 1734 1556 vita
1764 1513 1980 1571 perfecti0‚
2012 1520 2061 1553 ut
2085 1528 2121 1558 15

525 1604 622 1629 cum
644 1588 750 1629 deus
772 1588 1058 1629 Lanfrancum
1089 1587 1391 1630 Cantuariensi
1414 1587 1614 1629 ecclesiae
1637 1586 1680 1627 in
1703 1600 1869 1627 summo
1891 1583 2062 1640 pontifi-

525 1664 623 1699 catu
661 1658 921 1713 praeficeret,
951 1673 1049 1699 eum
1086 1658 1351 1699 Lanfrancus
1382 1657 1435 1698 ad
1466 1657 1660 1713 regimen
1690 1652 2063 1697 Westmonasterii

525 1727 604 1768 deo
647 1732 825 1767 vocante
866 1726 1122 1782 provideret.
1184 1732 1392 1782 tantaque
1435 1725 1679 1767 sanctitatis
1716 1724 1856 1780 gratia
1890 1723 1981 1771 deo,
2015 1727 2064 1762 ut

525 1794 789 1843 confidimus,
812 1800 856 1835 et
885 1793 1132 1835 hominibus
1161 1794 1336 1849 placuit,
1358 1800 1408 1835 ut
1440 1793 1734 1834 humilitatem
1766 1806 1867 1847 prae
1899 1789 2065 1831 cunctis

525 1863 591 1904 sui
621 1862 826 1918 temporis
854 1862 1058 1917 praelatis
1084 1869 1128 1904 et
1150 1861 1419 1919 spiritualius
1447 1862 1750 1918 praetenderet
1772 1867 1816 1902 et
1837 1859 2064 1901 sublimius
2086 1872 2127 1893 ²0

526 1931 803 1988 praedicaret.
856 1931 923 1972 hic
946 1931 1128 1987 triginta
1149 1931 1316 1973 duobus
1338 1931 1462 1973 annis
1484 1931 1573 1972 loco
1596 1930 1732 1987 magis
1753 1928 1915 1986 profuit
1937 1943 2063 1984 quam

525 2001 724 2057 praefuit,
755 2007 800 2042 et
831 1999 876 2041 in
908 2006 1131 2042 senectute
1168 2000 1280 2042 bona
1313 2001 1510 2056 patribus
1541 2000 1629 2041 suis
1660 1999 1883 2056 appositus
1914 1999 2067 2054 plenus

526 2071 693 2112 dierum
723 2076 766 2111 et
792 2069 1023 2111 sanctitate
1056 2070 1185 2126 hujus
1214 2070 1470 2111 miserabilis
1500 2070 1613 2111 vitae
1642 2068 1875 2111 terminum
1899 2066 2066 2109 clausit.

527 2140 631 2181 haec
653 2139 825 2181 ibidem.

614 2209 680 2250 De
713 2208 796 2249 isto
832 2208 988 2249 abbate
1024 2208 1075 2249 fit
1117 2207 1279 2249 mentio
1321 2208 1365 2248 in
1401 2208 1658 2264 telligrapho
1698 2206 1901 2248 Willelmi
1938 2205 2065 2261 primi
2087 2220 2125 2251 25

527 2277 704 2319 senioris
736 2277 816 2318 sub
848 2276 915 2318 his
948 2277 1098 2326 verbis,
1130 2278 1216 2317 fere
1248 2276 1358 2317 circa
1388 2276 1541 2317 finem:

616 2347 684 2388 Ad
706 2346 911 2388 ultimum
934 2346 977 2387 in
1001 2345 1275 2388 solemnitate
1306 2346 1580 2387 Pentecostes
1603 2344 1751 2387 habito
1773 2344 1950 2386 concilio
1974 2359 2066 2385 meo

527 2417 573 2458 in
595 2417 743 2459 eodem
769 2415 1142 2457 Westmonasterii
1170 2414 1445 2456 celeberrimo
1474 2414 1676 2456 coenobio
1708 2414 1901 2470 ejusdem
1930 2413 2064 2455 sancti

529 2484 646 2526 Petri
677 2483 874 2540 apostoli,
899 2482 1046 2524 dilecti
1074 2483 1227 2524 fratres
1256 2488 1300 2524 et
1328 2482 1406 2523 filii
1434 2483 1581 2533 nostri,
1606 2482 1803 2524 monachi
1832 2482 1884 2523 de
1916 2482 2066 2523 eadem

529 2554 706 2596 ecclesia
722 2569 819 2595 cum
836 2569 912 2595 suo
929 2553 1161 2595 venerabili
1178 2553 1335 2594 abbate
1354 2553 1607 2603 GislebertO,
1624 2553 1852 2595 assistente
1870 2566 2063 2593 reveren·
2086 2565 2127 2596 30

530 2625 696 2667 tissimo
719 2630 763 2665 et
785 2623 1002 2665 carissimo
1024 2623 1131 2664 mihi
1154 2623 1391 2665 Lanfranco
1414 2623 1718 2666 Cantuariensi
1740 2621 2067 2678 archiepiscopo,

530 2700 574 2736 et
615 2693 849 2750 petitiones
885 2693 1074 2749 ipsorum
1108 2709 1205 2734 cum
1240 2708 1447 2735 consensu
1483 2693 1695 2742 firmante,
1731 2698 1775 2733 et
1810 2707 1886 2748 pro
1922 2705 2067 2732 eorum

530 2763 762 2805 commodis
783 2778 859 2804 nos
885 2762 1110 2803 humiliter
1136 2768 1326 2817 rogante,
1348 2777 1424 2818 pro
1455 2761 1696 2803 reverentia
1722 2761 1879 2803 summi
1901 2765 2069 2816 aposto-

531 2833 668 2874 lorum
694 2831 899 2887 principis
922 2830 1038 2872 Petri
1061 2837 1105 2872 et
1127 2831 1180 2871 ob
1203 2831 1405 2871 honorem
1427 2829 1562 2885 ipsius
1584 2830 1826 2886 praedictae
1856 2828 2070 2878 ecclesiae,

532 2900 606 2942 ubi
639 2899 845 2955 reliquiae
877 2899 970 2954 ejus
1002 2899 1216 2940 virtutum
1248 2898 1464 2939 miraculis
1496 2898 1791 2939 indesinenter
1833 2904 2068 2947 coruscant,
2089 2914 2128 2945 35

531 2968 865 3011 unanimitatem
911 2974 1101 3009 nostram
1147 2967 1380 3023 petierunt,
1423 2973 1638 3023 quatenus
1684 2966 1745 3008 eis
1791 2966 2067 3022 privilegium

532 3035 777 3078 securitatis
798 3040 842 3076 et
864 3034 1315 3077 incommutabilitatis
1340 3050 1469 3091 super
1491 3034 1700 3076 universis
1722 3034 1800 3082 his,
1822 3049 1931 3090 quae
1955 3034 2021 3075 vel
2043 3049 2068 3074 a

599 3160 639 3190 13
663 3158 865 3199 addisceret]
882 3158 962 3197 m(=
978 3159 1218 3200 miraculum):
1244 3158 1391 3190 ediceret
1407 3158 1493 3190 DW.
1605 3158 1748 3199 rivulos]
1765 3167 1818 3191 m:
1844 3157 1965 3189 rivulis
1981 3157 2066 3190 DW.

534 3212 573 3244 17
598 3210 808 3251 praeficeret]
825 3220 879 3243 m:
904 3211 990 3250 prof.
1010 3211 1094 3243 DW.
1205 3212 1245 3242 21
1270 3211 1360 3250 loco]
1378 3221 1428 3242 m:
1454 3221 1514 3241 om.
1534 3210 1618 3241 DW.
1733 3211 1774 3241 22
1798 3209 1964 3251 appositis
1981 3209 2067 3242 DW.

534 3263 574 3294 34
597 3261 747 3303 predicte
763 3261 871 3303 ipsius
888 3263 973 3295 DW.
1164 3265 1204 3296 37
1230 3273 1291 3295 οηι.
1309 3263 1362 3294 vel
1378 3263 1464 3295 DW.
