2385 3891
170 534 218 565 Cf.
243 532 433 564 ‘Domesd.‘

167 578 190 609 f.
210 578 284 610 274.

167 689 205 720 F.
225 688 261 718 of

171 732 210 763 St
225 730 389 762 Edmund
402 730 437 760 of

169 775 395 814 Canterbury.

171 1037 335 1075 Property

170 1079 207 1110 of
220 1081 366 1110 convent

172 1122 296 1161 during

171 1175 329 1205 vacancy.

175 1238 224 1269 cf.
249 1236 438 1268 ‘Domesd.⁷

175 1282 196 1313 f.
218 1282 268 1313 64.

182 2142 248 2178 †17
260 2141 340 2180 July
351 2141 445 2172 1258.

183 2356 309 2388 Buried
326 2356 362 2387 in

183 2400 303 2440 chapel
320 2399 356 2430 of

185 2444 223 2475 St
240 2442 403 2474 Edmnnd
416 2444 451 2473 of

184 2486 408 2525 Canterbury,

184 2530 293 2562 which
309 2539 378 2561 was

185 2573 385 2605 afterwards

184 2617 298 2658 pulled
315 2616 423 2648 down.

186 2904 356 2936 Removed
374 2907 408 2935 to

187 2948 307 2987 chapel
323 2948 359 2979 of

189 2992 226 3023 St
244 2991 415 3023 Nicholas.

460 414 553 458 110
760 406 943 456 Flete's
978 404 1042 452 H
1042 403 1203 465 {story
1239 401 1304 464 qs
1343 399 1688 449 Westminster

455 532 660 574 consortis
693 531 896 586 ejusdem,
926 536 975 569 ut
1006 532 1129 582 patet
1161 525 1204 565 in
1237 525 1356 565 bulla
1386 522 1627 564 Innocentii
1662 521 1729 563 ivm
1760 521 1805 562 in
1838 535 1993 576 magna

455 602 709 650 chartuaria,
727 600 825 641 folio
844 599 953 640 2740.
1001 597 1114 638 unde
1137 610 1188 636 ex
1206 593 1473 635 ordinatione
1490 592 1698 648 praedicti
1715 590 1884 633 abbatis
1902 596 1991 632 tam

456 674 499 714 in
518 672 665 728 vigilia
681 685 810 726 quam
828 669 959 710 etiam
977 667 1022 708 in
1039 666 1107 707 die
1125 663 1405 707 anniversarii
1426 662 1635 719 praedicti
1652 662 1776 718 regis,
1794 660 1992 702 videlicet

456 742 498 783 in
530 742 637 782 festo
666 739 802 780 sancti
833 736 1052 779 Edmundi
1078 733 1397 790 archiepiscopi,
1419 732 1631 774 servietur
1661 731 1808 773 abbati
1831 736 1875 771 et
1896 745 1992 771 con-

457 810 606 852 ventui
628 824 725 850 cum
744 808 910 849 duobus
932 805 1133 862 pitanciis
1150 820 1197 846 ac
1220 804 1351 845 etiam
1374 818 1470 844 cum
1493 801 1729 851 siminellis‚
1746 806 1790 842 et
1811 800 1993 856 quilibet

456 879 689 921 monachus
731 877 822 933 ipso
866 875 935 917 die
987 874 1166 916 habebit
1208 888 1336 915 unam
1380 873 1578 928 lagenam
1621 870 1722 920 vini,
1762 885 1859 911 cum
1899 869 1994 910 aliis

456 949 657 991 oneribus
690 947 802 989 tanti
833 945 925 1001 regi
958 943 1172 999 exsequiis
1203 941 1402 998 congruis
1435 947 1479 983 et
1510 939 1744 997 condignis.

548 1017 792 1074 Acquisivit
829 1015 961 1057 etiam
994 1013 1239 1070 praedictus
1271 1011 1403 1053 abbas
1433 1027 1458 1052 a
1489 1025 1588 1066 rege
1620 1009 1851 1066 praedicto,
1882 1008 1996 1065 quod

459 1089 573 1145 prior
594 1094 637 1129 et
660 1092 896 1128 conventus
918 1084 1127 1126 haberent
1153 1082 1333 1123 liberam
1359 1079 1778 1122 administrationem
1800 1080 1852 1120 de
1873 1078 1997 1120 bonis

464 1158 553 1199 suis
574 1155 783 1213 separatis
805 1163 999 1210 tempore
1024 1151 1268 1200 vacationis,
1291 1157 1340 1192 ut
1362 1150 1406 1191 in
1428 1150 1576 1191 charta
1597 1148 1818 1205 sequenti:

548 1226 764 1268 Henricus
805 1224 874 1265 dei
915 1222 1066 1279 gratia,
1108 1228 1186 1263 etc.
1259 1227 1303 1262 et
1344 1220 1479 1261 infra:
1532 1219 1643 1261 Cum
1680 1219 1792 1260 bona
1828 1218 1998 1259 abbatis

463 1294 834 1339 Westmonasterii
868 1300 911 1335 et
944 1292 1138 1349 ejusdem
1170 1291 1250 1332 loci
1282 1290 1435 1346 prioris
1467 1295 1511 1330 et
1547 1294 1784 1330 conventus
1815 1287 1999 1330 discreta

460 1367 547 1408 sint
564 1364 804 1407 abinvicem
823 1369 867 1405 et
882 1368 1091 1418 separata,
1108 1361 1301 1402 volentes
1323 1359 1602 1401 indemnitati
1625 1366 1668 1400 et
1691 1356 1997 1413 tranquillitati

460 1435 689 1478 eorundem
700 1433 851 1490 prioris
865 1439 909 1473 et
919 1437 1155 1473 conventus
1172 1430 1407 1486 providere,
1425 1428 1696 1470 concedimus
1714 1428 1774 1469 eis
1788 1443 1863 1484 pro
1877 1427 2000 1468 nobis

461 1513 505 1547 et
522 1504 751 1546 heredibus
773 1502 940 1551 nostris,
962 1500 1074 1557 quod
1089 1500 1475 1556 quotienscumque
1490 1497 1710 1539 abbatiam
1734 1497 1999 1553 praedictam

462 1590 609 1617 vacare
631 1572 862 1629 contigerit
893 1587 969 1628 per
990 1570 1222 1612 cessionem
1248 1569 1312 1610 vel
1335 1568 1556 1609 decessum
1578 1567 1785 1608 abbatum
1814 1582 2000 1616 suorum,

463 1645 650 1687 habeant
682 1643 763 1699 ipsi
795 1641 911 1698 prior
942 1646 986 1682 et
1017 1646 1254 1682 conventus
1286 1639 1464 1680 liberam
1497 1637 1916 1678 administrationem
1947 1637 2000 1678 de

462 1715 585 1757 bonis
614 1714 702 1756 suis
731 1711 962 1768 separatisg
1004 1711 1120 1752 salva
1148 1708 1270 1750 nobis
1296 1714 1340 1750 et
1369 1707 1598 1749 heredibus
1626 1707 1781 1749 nostris
1810 1713 2002 1762 tempore

464 1784 698 1826 vacationis
728 1782 974 1839 praedictae
1006 1780 1201 1822 custodia
1231 1779 1283 1820 de
1315 1777 1437 1819 bonis
1468 1777 1522 1818 ad
1552 1777 1793 1833 praedictos
1823 1777 2003 1818 abbates

464 1852 794 1910 pertinentibus.
856 1850 901 1891 in
937 1849 1060 1905 cujus
1091 1848 1152 1889 rei
1184 1846 1483 1889 testimonium
1520 1846 1596 1887 has
1632 1846 1800 1888 litteras
1836 1851 2002 1887 nostras

464 1921 694 1980 praedictis
715 1920 845 1977 priori
867 1926 911 1961 et
937 1918 1167 1960 conventui
1197 1917 1289 1958 fieri
1319 1916 1496 1958 fecimus
1525 1921 1735 1972 patentes.
1797 1921 1909 1957 teste
1935 1930 2003 1956 me

466 1992 557 2049 ipso
589 1991 703 2047 apud
732 1995 928 2031 sanctum
962 1987 1241 2029 Edmundum
1271 1986 1312 2027 vi
1341 1986 1410 2027 die
1440 1985 1711 2041 Septembris
1739 2000 1851 2027 anno
1883 1985 2005 2042 regni

466 2062 598 2104 nostri
622 2060 793 2102 xxxviw.

554 2132 677 2174 Obiit
709 2136 855 2172 autem
895 2128 999 2170 xvii⁰
1036 2128 1105 2169 die
1138 2127 1296 2168 mensis
1331 2126 1440 2168 Julii
1478 2126 1593 2182 apud
1636 2126 1924 2182 Wyntoniam,
1960 2127 2004 2168 in

467 2202 751 2258 parliamento
797 2205 919 2241 tento
965 2198 1139 2247 ibidem,
1190 2212 1302 2238 anno
1348 2196 1511 2238 domini
1559 2196 1785 2238 millesimo
1835 2196 2005 2246 cclviii⁰‚

468 2271 588 2327 regni
626 2286 723 2311 vero
761 2268 939 2310 Henrici
971 2268 1018 2309 iii
1051 2267 1158 2316 xliv),
1190 2282 1286 2308 cum
1324 2266 1579 2322 praefuisset
1621 2266 1759 2307 eidem
1803 2266 2004 2308 ecclesiae

470 2340 526 2381 xii
553 2339 700 2389 annis3
736 2338 1017 2394 sepultusque
1047 2343 1138 2378 erat
1170 2336 1284 2391 apud
1315 2334 1748 2376 Westmonasterium
1771 2335 1815 2376 in
1844 2336 2006 2391 capella

468 2409 604 2451 sancti
657 2408 873 2450 Edmundi
923 2405 1241 2462 archiepiscopi,
1282 2421 1411 2461 quam
1464 2405 1554 2461 ipse
1608 2411 1916 2454 construxerat,
1958 2412 2007 2447 ut

469 2478 741 2534 praedicitur,
764 2477 807 2518 in
830 2477 982 2518 tumba
1003 2476 1205 2516 decenter
1226 2480 1270 2516 et
1292 2474 1520 2515 honorifice
1549 2480 1813 2530 praeparata.
1864 2489 2006 2516 succe-

469 2549 598 2590 dente
622 2554 767 2588 tamen
795 2552 891 2602 post
918 2545 1085 2587 obitum
1113 2545 1205 2600 ejus
1233 2544 1455 2600 aliquanto
1484 2550 1688 2600 tempore,
1710 2550 1804 2585 tum
1833 2550 2009 2600 propter

469 2616 809 2658 aedificationem
858 2616 1009 2656 domus
1054 2629 1163 2670 quae
1205 2628 1335 2669 prope
1376 2613 1577 2669 galileam
1618 2613 1857 2655 sacristriae
1898 2629 2007 2669 quae

468 2687 672 2729 celarium
704 2685 938 2735 dicebatur,
970 2691 1064 2726 tum
1101 2690 1276 2740 propter
1311 2698 1469 2724 novum
1507 2698 1613 2739 opus
1649 2683 1770 2724 navis
1806 2683 2007 2725 ecclesiae

469 2765 618 2814 postea
658 2756 958 2805 inchoandum,
996 2755 1189 2810 praefata
1225 2753 1388 2808 capella
1423 2751 1561 2794 sancti
1598 2752 1817 2793 Edmundi
1854 2752 2008 2794 exinde

470 2827 552 2869 fuit
588 2827 755 2882 dejecta
791 2831 835 2866 et
868 2825 1024 2871 ablata,
1060 2823 1390 2878 sepulcrumque
1432 2821 1567 2877 ipsius
1604 2836 1702 2862 cum
1739 2837 1922 2878 corpore,
1959 2828 2008 2863 ut

2016 821 2032 851 5

2021 1166 2058 1187 10

2026 1516 2060 1548 ¹5

2023 1863 2064 1884 ’ΖΟ

2027 2564 2068 2594 30

471 2897 618 2946 fertur,
639 2894 833 2936 totaliter
853 2899 1059 2941 amotum,
1081 2898 1124 2933 et
1146 2891 1190 2932 in
1213 2891 1375 2946 capella
1396 2890 1533 2931 sancti
1556 2890 1755 2931 Nicholai
1777 2891 1857 2931 sub
1879 2906 2008 2946 parvo
2028 2902 2067 2932 35

471 2967 598 3022 plano
639 2963 779 3019 lapide
822 2976 1056 3002 marmoreo
1097 2966 1198 3001 ante
1240 2960 1430 3001 medium
1472 2958 1618 3000 altaris
1655 2965 1720 3000 est
1760 2960 2008 3015 repositum.

472 3035 538 3089 cuj
547 3049 595 3075 us
616 3048 766 3089 corpus
789 3031 1061 3088 postmodum
1086 3036 1278 3085 tempore
1300 3028 1412 3084 regis
1436 3027 1612 3069 Henrici
1636 3027 1747 3069 sexti
1764 3043 1789 3068 a
1806 3028 2009 3070 fratribus

473 3104 665 3161 ejusdem
695 3101 942 3144 monasterii
979 3107 1023 3142 et
1054 3100 1149 3141 aliis
1180 3098 1510 3156 quamplurimis
1542 3098 1681 3140 visum
1713 3104 1790 3148 est,
1821 3098 2008 3156 integra-

821 3188 860 3218 16
884 3186 950 3226 vel]
966 3188 999 3218 et·
1015 3185 1067 3218 W.
1377 3185 1418 3216 22
1441 3183 1510 3225 die]
1525 3183 1591 3217 kal.
1612 3183 1666 3216 W.
