2385 3891
67 1374 248 1413 Summary
265 1375 302 1405 of

66 1417 240 1457 foregoing

64 1461 274 1492 documenta

64 1504 200 1541 Lucius,

63 1557 130 1580 ΔΑ).
152 1548 224 1579 184.

63 1591 275 1628 Ambrosius,

64 1644 130 1666 A.D.
149 1636 221 1667 488.

66 1678 194 1717 Sebert,

63 1731 129 1753 Aa).
147 1722 220 1753 604.

64 1857 150 1895 Offa,
168 1867 234 1888 ΑΛ).
253 1857 326 1889 704.

63 1994 189 2034 Edgar‚

62 2047 128 2069 Aa).
146 2039 220 2070 948.

63 2411 146 2443 This
162 2412 257 2452 place

62 2455 92 2486 is
107 2455 194 2486 head
210 2455 246 2486 of

62 2498 221 2538 England
237 2499 304 2530 and

63 2552 173 2574 crown
190 2542 224 2572 of
239 2541 298 2574 the

64 2585 179 2617 realm.

65 2743 136 2776 The
152 2745 285 2777 attacks

64 2787 158 2819 made
174 2798 266 2829 upon

62 2829 90 2862 it
105 2835 196 2863 must
212 2832 251 2864 be

63 2877 130 2905 met
146 2874 188 2915 by

63 2917 271 2951 documents.

1843 416 1852 430 ι
1859 415 1887 433 ι’)

775 413 1061 477 Smmnargs
1098 413 1164 477 of
1176 412 1460 477 foreyoiny
1826 416 1888 460 bo

350 540 525 581 domum
552 537 741 580 Simonis
771 538 962 587 textoris,
991 539 1107 579 salva
1133 537 1383 593 quaestione
1417 537 1719 578 monachorum
1749 536 1888 577 West-

352 607 752 651 monasteriensium
785 622 913 662 super
944 613 1057 648 terra
1088 623 1112 648 a
1143 607 1268 648 domo
1300 607 1415 648 illius
1448 605 1637 648 Simonis
1669 620 1805 661 usque
1837 606 1890 647 ad

350 677 555 734 capellam
591 677 722 732 juxta
762 677 983 718 ecclesiam
1025 677 1334 718 Innocentum:
1381 683 1425 718 et
1466 691 1490 717 a
1531 676 1656 717 domo
1697 675 1890 731 ejusdem

351 747 538 790 Simonis
567 746 803 788 secundum
836 747 949 802 quod
978 752 1116 787 strata
1142 746 1259 802 regia
1285 762 1330 787 se
1353 746 1550 787 extendit
1576 760 1723 787 versus
1750 745 1889 786 West-

350 816 657 858 monasterium
695 831 830 872 usque
866 816 920 856 ad
953 815 1140 856 rivulum
1178 815 1230 857 de
1267 815 1480 871 Ulebrigg
1513 815 1811 856 decurrentem
1845 814 1889 855 in
1912 829 1927 858 5

350 884 636 926 Thamisiam:
678 893 722 926 et
756 884 815 925 sic
846 884 1051 940 quicquid
1082 884 1302 925 Thamisia
1333 899 1383 925 ex
1418 899 1503 925 una
1533 892 1655 939 parte
1687 890 1732 925 et
1763 884 1890 925 dictis

352 954 546 997 terminis
568 954 815 996 continetur
836 954 888 994 ad
918 954 1162 1010 parochiam
1192 960 1365 995 sanctae
1389 955 1658 1010 Margaretae
1687 953 1889 1009 pertinet,

349 1030 528 1082 excepta
550 1024 728 1066 ecclesia
756 1030 800 1065 et
829 1024 1041 1065 cimiterio
1067 1024 1203 1065 sancti
1235 1024 1434 1065 Martini:
1467 1030 1589 1065 extra
1615 1039 1712 1065 vero
1741 1040 1887 1079 supra-

348 1095 528 1151 scriptas
550 1100 687 1135 metas
710 1093 810 1134 villa
831 1093 884 1134 de
907 1092 1226 1149 Cnictebrigge,
1254 1093 1523 1142 Westeburn,
1548 1093 1765 1134 Padiutun
1789 1109 1887 1134 cum

347 1165 510 1221 capella
524 1170 567 1206 et
581 1179 679 1205 cum
693 1178 840 1204 earum
856 1162 1132 1219 pertinentiis
1149 1162 1370 1218 pertinent
1384 1162 1437 1203 ad
1455 1162 1700 1219 parochiam
1715 1168 1887 1204 sanctae
1913 1174 1950 1195 ¹0

349 1235 619 1290 Margaretae
642 1239 935 1282 memoratam,
958 1238 1037 1274 etc.

435 1362 499 1402 Ex
522 1360 753 1417 praedictis
770 1365 893 1415 patet
916 1359 1054 1415 prima
1077 1359 1272 1400 fundatio
1294 1359 1482 1414 gratiosa
1501 1359 1631 1414 hujus
1648 1359 1728 1399 loci
1749 1359 1888 1400 West-

347 1429 693 1472 monasteriensis
710 1444 735 1469 a
753 1434 944 1484 tempore
962 1427 1085 1469 Lucii
1107 1427 1234 1483 primi
1257 1427 1370 1483 regis
1392 1427 1621 1468 Britonum
1640 1427 1889 1478 Christiani,

346 1515 457 1541 anno
480 1498 644 1542 Christi
666 1497 878 1539 clxxxiv0:
909 1497 1123 1552 reparatio
1144 1512 1221 1553 per
1242 1512 1385 1553 regem
1410 1496 1638 1538 Britonum
1662 1498 1887 1539 Aurelium

346 1569 635 1619 Ambrosium,
646 1583 756 1610 anno
771 1567 1076 1609 cccclxxxviii&
1090 1567 1311 1608 renovatio
1325 1567 1516 1608 coenobii
1531 1567 1692 1609 ibidem
1707 1568 1889 1624 gloriosa
1911 1586 1921 1606 1
1932 1584 1948 1616 5

346 1656 421 1697 per
434 1640 665 1682 Sebertum
680 1654 826 1695 regem
841 1637 1130 1680 Orientalium
1146 1637 1379 1687 Saxonum,
1393 1652 1504 1678 anno
1521 1637 1652 1679 dcivO:
1675 1638 1888 1680 dedicatio

346 1709 598 1751 miraculosa
628 1708 809 1764 praefati
846 1707 925 1749 loci
957 1723 982 1748 a
1013 1707 1141 1748 beato
1174 1708 1301 1749 Petro
1334 1707 1377 1748 in
1411 1707 1477 1749 sui
1510 1707 1695 1749 nominis
1730 1708 1887 1750 honore

346 1779 509 1836 angelis
526 1779 565 1820 ei
583 1778 943 1827 ministrantibus,
959 1793 1071 1818 anno
1088 1777 1237 1819 eodem
1253 1783 1376 1818 nocte
1391 1777 1606 1818 dominica
1623 1777 1664 1818 xi
1682 1778 1887 1819 kalendas

347 1848 530 1904 Aprilis:
562 1847 785 1903 ampliatio
801 1847 1022 1902 praediosa
1039 1847 1221 1902 praefati
1244 1847 1321 1888 loci
1345 1862 1421 1902 per
1443 1846 1583 1889 Offam
1609 1862 1752 1903 regem
1776 1847 1887 1888 Mer-

346 1918 519 1966 ciorum,
541 1932 652 1958 anno
678 1916 841 1958 dcciv⁰z
873 1916 1117 1958 reformatio
1141 1916 1331 1958 virtuosa
1357 1916 1604 1957 monasterii
1628 1916 1786 1958 ibidem
1810 1932 1887 1972 per
1908 1938 1949 1960 20

347 2003 490 2044 regem
533 1987 750 2043 Edgarum
788 1992 832 2027 et
868 1992 1065 2027 sanctum
1107 1986 1398 2035 Dunstanum,
1439 2001 1551 2027 anno
1592 1986 1857 2027 dccccxlviiiO
1877 2003 1885 2027 :

346 2056 602 2098 restauratio
623 2055 791 2111 copiosa
813 2055 970 2096 veteris
992 2054 1239 2096 monasterii
1258 2070 1354 2096 cum
1372 2055 1668 2097 aedificatione
1686 2056 1886 2097 ecclesiae

346 2126 590 2182 praedictae
620 2125 672 2166 de
704 2139 812 2165 novo
841 2140 917 2180 per
944 2131 1141 2165 sanctum
1169 2139 1312 2180 regem
1340 2131 1384 2166 et
1413 2125 1693 2166 confessorem
1724 2125 1887 2168 Christi

347 2194 617 2243 Edwardum,
638 2209 749 2234 anno
778 2194 879 2234 mlo:
911 2194 1127 2235 inchoatio
1149 2200 1403 2250 sumptuosa
1424 2195 1523 2236 novi
1546 2195 1684 2251 operis
1713 2195 1885 2245 ibidem,

346 2269 395 2305 ut
418 2263 543 2304 hodie
571 2263 772 2312 cernitur,
793 2279 818 2304 a
846 2263 1027 2319 glorioso
1054 2279 1151 2319 rege
1176 2264 1364 2305 Henrico
1391 2264 1531 2315 tertio,
1553 2280 1664 2306 anno
1691 2265 1885 2307 mccxlv0.
1907 2284 1946 2314 ²5

431 2400 561 2441 Nunc
582 2415 682 2455 ergo
704 2399 806 2456 quia
834 2400 952 2442 locus
974 2400 1056 2441 iste
1078 2416 1103 2441 a
1128 2401 1263 2442 tantis
1286 2401 1502 2444 nobilibus
1525 2409 1569 2444 et
1591 2403 1750 2445 sanctis
1774 2403 1885 2453 viris,

344 2477 394 2512 ut
422 2470 696 2527 praedicitur,
725 2469 960 2518 dedicatur,
989 2471 1224 2512 honoratur
1255 2477 1298 2512 et
1335 2472 1521 2522 dotatur,
1550 2473 1727 2529 insuper
1760 2473 1884 2515 liber-

344 2540 521 2589 tatibus,
563 2538 853 2594 dignitatibus
904 2545 948 2580 et
999 2540 1238 2596 privilegiis
1280 2542 1504 2583 roboratur
1526 2557 1534 2592 3
1586 2549 1630 2584 et
1681 2543 1782 2598 quia
1833 2559 1884 2584 ex

343 2609 565 2666 primitiva
592 2608 843 2650 fundatione
866 2610 982 2650 locus
1003 2609 1085 2651 iste
1112 2616 1177 2651 est
1206 2610 1349 2666 regiae
1371 2612 1711 2661 consecrationis,
1734 2628 1883 2668 regum

343 2679 577 2734 sepultura,
598 2677 986 2734 repositoriumque
1009 2678 1218 2734 regalium
1248 2679 1482 2735 insignium
1500 2695 1509 2730 3
1540 2688 1671 2737 caput
1699 2682 1883 2737 Angliae
1905 2699 1946 2729 30

344 2748 498 2790 merito
538 2748 821 2804 diademaque
862 2748 984 2804 regni
1025 2749 1079 2789 ab
1121 2749 1299 2805 antiquo
1340 2750 1597 2793 nominatur.
1665 2752 1739 2793 sed
1784 2752 1885 2808 quia

343 2818 585 2873 praefatum
615 2818 754 2858 locum
784 2818 991 2868 nonnulli,
1014 2818 1177 2860 invidia
1205 2819 1414 2861 suadente
1446 2820 1667 2871 diabolica,
1699 2822 1883 2864 sinistris

342 2886 651 2928 assertionibus
674 2894 723 2928 ut
745 2886 942 2942 superius
963 2893 1198 2929 annotatur
1222 2888 1447 2945 denigrare
1470 2890 1677 2939 laborant,
1700 2891 1766 2932 his
1788 2892 1883 2933 ideo

342 2971 425 2998 non
461 2956 581 2997 vanis
618 2956 772 2997 fabulis
806 2956 1068 2998 obviandum
1105 2972 1208 3006 esse,
1241 2957 1327 2999 sed·
1350 2958 1486 3015 magis
1523 2959 1783 3001 fidelissimis
1820 2977 1882 3002 re-

411 3059 427 3088 1
454 3057 615 3098 Symonis
633 3057 675 3088 W
694 3057 946 3100 (throughout).
1161 3061 1180 3090 3
1204 3059 1317 3099 juxta]
1335 3071 1395 3091 om.
1417 3061 1467 3091 W.
1674 3064 1813 3095 ecclesie
1831 3065 1883 3096 W.

345 3110 363 3140 5
387 3108 526 3146 Ulebrig
542 3108 623 3139 dW.
728 3108 924 3140 decurrenti
942 3109 993 3140 W.
1100 3112 1118 3141 8
1143 3111 1357 3150 supradictas
1375 3112 1395 3142 d
1404 3112 1455 3143 W.
1573 3115 1591 3145 9
1616 3114 1827 3154 Knytebrigg
1844 3117 1882 3148 d:

346 3160 620 3201 Knyghtebrigge
638 3160 689 3191 W.
860 3161 1065 3193 Westburne
1083 3162 1163 3193 dW.
1327 3164 1520 3204 I’adington
1539 3166 1580 3198 d:
1607 3154 1878 3208 Padyngtoaw.

346 3213 385 3242 13
410 3211 648 3242 Christianum
665 3211 716 3243 W.
913 3219 917 3223 ·
940 3213 980 3242 14
1004 3213 1181 3244 Aurelium
1198 3214 1467 3246 Ambrosianum
1486 3216 1561 3256 Sp.:
1587 3228 1641 3257 qu.
1659 3218 1880 3251 Ambrosium

344 3262 581 3294 Aurelianum.
802 3264 843 3294 24
867 3274 927 3294 om.
946 3263 1071 3295 ibidem
1091 3266 1147 3305 Sp.
1371 3269 1412 3298 34
1437 3268 1612 3300 fidissimis
1628 3269 1679 3302 W.
