2385 3891
119 577 185 609 His
202 575 299 608 anni·

120 630 257 660 versary
275 620 331 661 (cf.

120 663 308 695 ‘Domesd.'

119 707 141 739 f.
159 706 248 749 400).

124 3070 152 3100 A
168 3070 324 3109 warning
340 3072 374 3101 to

124 3113 182 3161 the
195 3113 353 3162 obedien-

123 3158 252 3188 tlaries.

922 440 1164 492 Ricleard
1197 440 1434 506 Berkiny
1848 439 1941 488 107

492 566 632 607 Tenor
652 572 796 607 autem
820 566 1098 607 anniversarii
1122 567 1329 622 praedicti
1352 567 1521 608 abbatis
1543 567 1739 623 sequitur
1759 566 1803 608 in
1830 567 1943 607 hunc

407 636 598 677 modum:
631 635 845 677 Omnibus
859 635 1023 678 Christi
1036 635 1235 676 fidelibus
1252 651 1451 692 praesens
1465 636 1671 692 scriptum
1687 634 1944 692 inspecturis

407 705 614 746 Ricardus
645 705 714 746 dei
744 705 885 761 gratia
912 705 1044 746 abbas
1073 706 1444 747 Westmonasterii
1474 707 1657 748 salutem
1688 705 1732 746 in
1760 704 1943 746 domino.

406 775 571 816 noverit
600 774 856 816 universitas
886 781 1026 816 vestra
1055 790 1130 816 nos
1152 774 1204 815 de
1233 789 1439 817 consensu
1469 783 1512 816 et
1542 776 1764 817 voluntate
1793 774 1944 830 prioris

405 849 449 885 et
470 849 706 884 conventus
727 843 861 884 nostri
883 843 1135 884 concessisse
1158 843 1373 885 ordinasse
1403 850 1447 885 et
1475 844 1713 900 assignasse
1741 843 1795 884 ad
1823 843 1943 884 anni·
1964 860 1980 889 5

408 912 638 953 versarium
661 918 854 953 nostrum
885 913 1125 954 faciendum
1157 919 1295 954 totum
1329 913 1545 954 redditum
1576 928 1708 954 novae
1739 913 1863 954 villae
1891 912 1943 953 de

407 983 602 1024 Mortone
625 982 668 1023 in
692 983 973 1032 Hennemers,
995 998 1105 1038 quae
1128 984 1240 1024 facta
1268 991 1334 1024 est
1361 989 1553 1039 tempore
1582 990 1736 1032 nostro,
1766 990 1810 1024 et
1838 983 1944 1024 duas

408 1066 568 1093 marcas
604 1051 741 1107 quieti
773 1052 967 1093 redditus
998 1052 1050 1093 de
1085 1058 1197 1093 terra
1227 1067 1336 1107 quac
1369 1052 1451 1093 fuit
1484 1052 1664 1094 Walteri
1696 1052 1763 1093 del
1797 1052 1945 1108 Fryth,

407 1137 535 1177 quam
558 1122 891 1178 perquisivimus
913 1123 957 1163 in
981 1122 1209 1164 Hendone:
1240 1138 1346 1177 quas
1367 1123 1543 1164 sacrista
1562 1122 1944 1171 westmonasterii,

406 1191 480 1247 qui
502 1206 577 1247 pro
599 1200 791 1248 tempore
814 1192 956 1241 fuerit,
974 1192 1152 1248 recipiet
1169 1207 1246 1248 per
1262 1207 1437 1233 manum
1456 1192 1576 1233 Adae
1593 1193 1645 1233 de
1664 1193 1883 1248 Basynges
1900 1198 1944 1232 et
1968 1213 2005 1233 ιο

407 1261 613 1302 heredum
635 1276 827 1312 suorum3
858 1261 986 1303 salvis
1009 1261 1230 1318 homagiis,
1252 1261 1433 1310 releviis,
1448 1277 1544 1303 cum
1569 1270 1754 1302 mercato
1772 1267 1816 1302 et
1839 1261 1944 1301 hali-

407 1336 533 1380 moto,
566 1337 609 1372 et
642 1332 1024 1388 perquisitionibus
1056 1332 1108 1372 dc
1140 1332 1361 1387 praedicta
1392 1347 1501 1372 nova
1534 1331 1634 1372 villa
1664 1332 1716 1372 de
1749 1331 1945 1372 Mortone

405 1400 768 1454 provenientibus,
804 1416 910 1456 quas
946 1400 1126 1441 abbates
1161 1415 1422 1442 successores
1459 1400 1592 1441 nostri
1629 1399 1869 1456 percipient
1900 1400 1944 1440 in

404 1475 675 1524 perpetuum.
735 1469 1004 1525 praedictum
1043 1484 1139 1510 vero
1175 1469 1515 1510 anniversarium
1557 1469 1616 1510 sic
1657 1469 1946 1525 disposuimus

405 1553 481 1593 per
511 1553 686 1580 manum
713 1538 914 1580 sacristae
943 1538 1153 1594 praedicti
1183 1538 1443 1580 faciendum:
1476 1538 1675 1580 videlicet
1705 1539 1817 1594 quod
1849 1545 1945 1595 post
1970 1559 2003 1587 15

405 1605 573 1662 vigilias
594 1606 892 1647 defunctorum
916 1621 1021 1662 quas
1043 1606 1347 1647 constituimus
1369 1606 1619 1648 solemniter
1646 1607 1946 1657 decantandas,

405 1682 449 1718 et
470 1682 567 1732 post
584 1675 769 1717 officium
787 1676 831 1717 in
849 1676 1034 1717 crastino
1049 1676 1092 1716 in
1111 1676 1236 1717 choro
1251 1676 1527 1725 celebratum,
1545 1682 1719 1718 centum
1736 1692 1947 1733 pauperes

406 1746 450 1787 in
472 1761 581 1802 pane
604 1752 648 1787 et
670 1746 848 1788 cervisia
869 1761 965 1787 cum
989 1746 1163 1801 potagio
1186 1753 1230 1787 et
1252 1761 1337 1787 uno
1360 1747 1517 1787 ferculo
1538 1747 1676 1788 carnis
1701 1747 1790 1789 sive
1818 1748 1946 1804 piscis

405 1822 662 1872 pascantur3
703 1823 747 1858 et
783 1822 1019 1857 conventus
1051 1816 1209 1857 habeat
1241 1816 1284 1856 in
1314 1816 1536 1857 refectorio
1573 1817 1721 1858 vinum
1759 1823 1803 1859 et
1840 1818 1946 1859 duas

404 1885 615 1941 pitancias
637 1886 768 1927 bonas
790 1892 834 1927 et
856 1892 1160 1941 competentes.
1203 1886 1368 1927 dictum
1394 1901 1490 1927 vero
1512 1886 1851 1928 anniversarium
1869 1887 1945 1928 fiet
1967 1904 2007 1926 πο

404 1954 611 2009 quamdiu
650 1954 883 1995 vixerimus
919 1970 994 2010 pro
1030 1954 1256 1996 animabus
1293 1955 1428 2010 patris
1469 1962 1513 1997 et
1555 1956 1704 1997 matris
1746 1972 1864 1998 meae
1902 1956 1946 1997 in

405 2024 590 2065 crastino
612 2024 749 2065 sancti
772 2025 959 2066 Matthei
982 2025 1180 2081 apostoli:
1212 2041 1392 2081 persona
1415 2041 1512 2067 vero
1535 2033 1678 2068 nostra
1699 2027 1869 2069 sublata
1894 2028 1946 2069 de

406 2093 547 2135 medio
588 2109 735 2135 omnes
771 2094 980 2149 praedicti
1027 2094 1222 2136 redditus
1267 2095 1317 2136 ad
1366 2095 1706 2138 anniversarium
1752 2103 1945 2138 nostrum

406 2169 688 2213 revertantur,
720 2164 910 2220 exceptis
937 2180 990 2204 xx
1021 2164 1178 2213 solidis,
1204 2179 1309 2220 quos
1340 2165 1609 2220 assignamus
1640 2165 1693 2207 ad
1726 2166 1945 2207 invenien-

406 2231 509 2272 dum
541 2232 762 2273 cervisiam
796 2239 840 2273 et
872 2247 1002 2273 unam
1037 2232 1271 2288 pitanciam
1306 2234 1535 2275 conventui
1572 2234 1615 2275 in
1647 2234 1870 2275 refectorio
1902 2235 1945 2275 in
1968 2254 2006 2284 ²5

406 2307 641 2342 memorato
672 2301 962 2343 anniversario
993 2301 1129 2357 patris
1160 2307 1205 2343 et
1236 2302 1386 2343 matris
1418 2318 1549 2344 meae.
1611 2318 1686 2344 nos
1719 2310 1865 2344 autem
1902 2304 1946 2344 in

406 2370 532 2426 pleno
554 2370 743 2426 capitulo
772 2377 985 2412 conventu
1015 2377 1159 2412 nostro
1188 2371 1452 2413 assentiente
1482 2372 1948 2414 excommunicavimus

407 2439 655 2480 solemniter
699 2455 845 2481 omnes
890 2440 983 2481 illos
1025 2440 1098 2496 qui
1140 2440 1303 2496 aliquid
1344 2441 1396 2482 de
1437 2441 1668 2497 praedictis
1707 2442 1948 2483 redditibus

407 2508 665 2550 subtrahent
706 2509 772 2549 vel
813 2509 1060 2551 diminuerit
1101 2510 1167 2550 vel
1208 2510 1252 2550 in
1288 2510 1393 2551 alios
1431 2526 1533 2552 usus
1573 2518 1836 2554 convertent.
1898 2519 1948 2553 ut

407 2583 554 2618 autem
610 2592 809 2633 praesens
860 2578 1073 2619 ordinatio
1129 2584 1173 2619 et
1223 2579 1458 2634 assignatio
1510 2587 1768 2636 perpetuum
1819 2581 1948 2622 robur
1968 2600 2007 2630 30

407 2647 602 2688 obtineat
650 2647 878 2697 firmitatis,
926 2648 1142 2703 praesenti
1184 2648 1342 2704 scripto
1388 2648 1576 2705 sigillum
1624 2655 1818 2691 nostrum
1862 2666 1948 2691 una

407 2730 504 2756 cum
546 2715 686 2772 sigillo
727 2715 905 2771 capituli
948 2716 1081 2758 nostri
1125 2716 1328 2759 duximus
1369 2719 1683 2774 apponendum,
1726 2725 1770 2760 et
1805 2719 1946 2775 ipsum

408 2784 618 2840 scriptum
650 2784 695 2825 in
727 2785 994 2826 thesauraria
1026 2785 1401 2828 Westmonasterii
1433 2787 1701 2829 decrevimus
1731 2803 1946 2829 reservan-

407 2853 523 2902 dum,
545 2853 624 2894 sub
654 2853 903 2894 testimonio
926 2854 1149 2896 salvatoris
1172 2855 1306 2897 nostri
1330 2856 1519 2897 crucifixi
1543 2862 1587 2897 et
1609 2856 1762 2898 beatae
1786 2857 1946 2899 Mariae

407 2930 451 2965 et
494 2923 683 2964 omnium
727 2929 971 2964 sanctorum
1013 2939 1195 2979 quorum
1236 2925 1442 2981 reliquiae
1490 2926 1533 2967 in
1580 2933 1724 2968 nostra
1772 2927 1948 2969 ecclesia
1968 2945 2006 2976 35

407 2992 692 3048 requiescunt.

496 3061 745 3103 Praedictus
775 3068 921 3103 autem
955 3062 1088 3104 abbas
1118 3079 1230 3104 anno
1261 3064 1426 3120 gratiae
1464 3065 1689 3107 millesimo
1721 3066 1949 3107 ccxxxviii⁰

410 3130 483 3171 vito
504 3131 708 3172 kalendas
731 3131 1011 3187 Septembris,
1033 3132 1195 3174 scilicet
1217 3132 1262 3173 in
1284 3133 1353 3174 die
1375 3134 1511 3175 sancti
1536 3134 1634 3175 Rufi
1664 3135 1875 3190 martyris
1905 3142 1948 3176 et

496 3243 536 3272 15
560 3252 621 3274 om.
638 3242 805 3283 praedicti
822 3243 843 3274 d
861 3243 918 3283 Sp.
1161 3246 1201 3274 21
1227 3248 1343 3276 nostre
1361 3245 1392 3276 d.
1613 3247 1654 3276 22
1678 3245 1809 3277 Mathie
1827 3245 1857 3278 d.

608 3295 649 3324 24
672 3297 887 3326 revertentur
904 3295 937 3327 d.
1115 3306 1199 3335 quas
1217 3296 1258 3327 W
1276 3297 1333 3336 Sp.
1512 3297 1553 3327 26
1577 3300 1693 3327 nostre
1710 3296 1741 3328 d.
