2385 3891
89 625 108 661 †
117 625 155 655 12
171 623 259 654 June

90 668 171 700 1068
183 666 237 707 [9].

89 775 212 809 Buried
229 775 263 806 in

88 820 146 852 the
161 818 312 856 cloister3

89 978 244 1012 removed
261 980 295 1009 to

89 1023 146 1055 the
162 1022 300 1061 chapter

89 1066 155 1098 hou
160 1076 205 1104 se,

90 1254 241 1296 together
256 1253 337 1286 with

89 1298 287 1339 Ethelgoda,

91 1343 154 1381 (Cf.
173 1352 229 1382 pp.
247 1342 286 1373 35
302 1342 336 1378 f„

89 1385 154 1427 45.)

90 1428 253 1470 Hugolin,

1037 430 1235 480 Edwin
1840 433 1902 479 83

368 557 620 613 sepulcrum.
684 556 856 597 tandem
890 556 933 597 in
965 562 1188 598 senectute
1217 556 1328 597 bona
1359 556 1488 597 finem
1521 556 1633 596 vitae
1663 554 1821 595 faciens
1849 553 1903 594 ad

368 632 512 682 patres
542 640 640 667 suos
670 625 893 681 appositus
929 630 994 666 est
1030 624 1107 665 xii0
1142 624 1211 665 die
1249 624 1407 666 mensis
1443 623 1567 666 Junii
1598 638 1710 664 anno
1740 621 1903 664 domini

371 694 595 736 millesimo
645 694 794 743 lxviii⁰‚
836 694 955 750 regni
1007 700 1152 735 autem
1197 694 1402 735 Willelmi
1451 692 1742 748 conquestoris
1792 706 1904 733 anno

369 764 568 805 videlicet
599 764 794 805 secundo.
855 763 1136 819 sepultusque
1166 769 1257 804 erat
1289 763 1333 803 in
1359 763 1544 804 claustro
1575 761 1710 818 ipsius
1740 776 1904 802 monas-

370 834 479 883 terii,
516 834 603 875 loco
645 839 767 874 tanto
808 833 920 889 patri
962 848 1156 889 congruo.
1219 833 1342 888 cujus
1378 847 1471 873 ossa
1508 832 1794 888 postmodum,
1831 846 1907 887 per
1927 849 1943 878 5

368 902 597 959 gloriosum
646 917 790 958 regem
835 903 1070 944 Henricum
1121 902 1300 944 tertium
1342 902 1586 943 reedificato
1627 901 1841 950 coenobio,
1882 916 1907 941 a

368 973 552 1014 claustro
574 972 791 1027 praedicto
814 987 899 1012 una
920 987 1016 1013 cum
1039 971 1134 1012 aliis
1164 972 1207 1012 in
1237 987 1388 1012 novam
1419 972 1594 1013 domum
1625 971 1905 1027 capitularem

369 1042 529 1084 ibidem
551 1047 652 1083 sunt
675 1042 895 1090 translata,
918 1047 962 1082 et
979 1041 1023 1082 in
1042 1041 1193 1082 tumba
1211 1056 1458 1088 marmorea,
1482 1047 1529 1082 ut
1559 1040 1684 1082 hodie
1706 1040 1907 1088 cernitur,

371 1110 598 1152 honorifice
619 1117 721 1152 sunt
743 1111 929 1166 sepulta3
952 1109 1152 1151 videlicet
1169 1109 1222 1150 ad
1240 1109 1468 1151 introitum
1491 1109 1642 1151 domus
1663 1109 1906 1165 praedictae

369 1195 420 1222 ex
456 1187 578 1236 parte
614 1180 803 1222 australi.
864 1179 1038 1221 nomina
1074 1185 1220 1221 autem
1264 1194 1410 1220 eorum
1447 1194 1544 1220 cum
1577 1179 1668 1235 ipso
1700 1179 1909 1220 translata
1933 1193 1970 1213 10

369 1256 471 1291 sunt
496 1250 601 1291 ista:
637 1250 902 1305 Ethelgotha
930 1249 1145 1305 quondam
1176 1248 1325 1304 regina
1357 1247 1646 1290 Orientalium
1677 1248 1909 1297 Saxonum,

370 1335 475 1360 uxor
496 1320 607 1376 regis
634 1320 817 1369 Seberti‚
841 1320 969 1375 hujus
996 1318 1244 1359 monasterii
1277 1317 1517 1359 fundatoris
1546 1317 1686 1372 primi,
1708 1322 1758 1358 ut
1787 1322 1909 1372 patet

370 1404 498 1444 supra
528 1388 729 1444 capitulis
766 1388 914 1444 primo,
951 1387 1136 1430 secundo
1174 1393 1218 1428 et
1254 1387 1430 1442 quint03
1474 1386 1720 1442 Hugolinus
1756 1385 1910 1427 nobilis

370 1458 618 1514 principalis
668 1457 805 1499 sancti
857 1457 969 1514 regis
1021 1456 1218 1498 Edwardi
1270 1455 1569 1504 cubicularius,
1613 1469 1782 1510 semper
1831 1454 1910 1495 deo

370 1528 550 1569 devotus
572 1533 616 1568 et
637 1526 855 1582 praedicto
877 1526 967 1582 regi
990 1526 1103 1568 inter
1124 1540 1271 1567 omnes
1293 1525 1422 1580 hujus
1440 1524 1561 1580 regni
1579 1539 1771 1580 proceres
1790 1523 1910 1565 miles
1936 1537 1970 1567 ¹5

90 1600 154 1632 and
174 1599 328 1633 Suloard.
371 1596 667 1646 fidelissimus3
699 1595 931 1638 Sulcardus
963 1595 1094 1637 etiam
1131 1594 1361 1635 monachus
1393 1593 1563 1650 egregie
1596 1594 1827 1643 litteratus,
1858 1593 1911 1634 de

90 1643 157 1684 (cf.
173 1654 230 1685 pp.
248 1643 290 1674 40
300 1642 350 1683 ff.)

371 1667 493 1723 cujus
514 1665 712 1707 chronica
732 1665 935 1707 scribitur
955 1680 1083 1721 supra
1104 1664 1293 1721 capitulo
1314 1670 1478 1719 quarto.

459 1737 618 1777 Versus
661 1735 810 1792 scripti
857 1735 903 1777 in
954 1735 1118 1791 pariete
1166 1749 1295 1790 supra
1344 1733 1540 1775 tumbam
1592 1733 1644 1774 de
1693 1733 1911 1789 praedicto

374 1806 593 1862 Hugolino
612 1823 619 1847 :

547 1887 633 1939 Qui
663 1886 753 1927 ruis
784 1885 956 1942 injuste,
988 1885 1104 1941 capit
1135 1884 1215 1934 hic,
1248 1883 1479 1940 Hugoline‚
1511 1883 1627 1925 locus
1658 1890 1726 1933 te3
1935 1901 1975 1922 20

547 1956 671 1997 laude
704 1962 781 1997 tua
811 1955 954 2005 clares,
986 1954 1088 2010 quia
1121 1953 1381 2010 martyribus
1413 1967 1515 1994 nece
1547 1967 1623 2009 par
1654 1967 1708 1993 es.

462 2037 745 2093 Epitaphium
765 2035 1043 2093 Ethelgodae,
1061 2035 1203 2077 uxoris
1225 2034 1338 2089 regis
1356 2033 1539 2082 Seberti,
1557 2048 1666 2089 quae
1688 2033 1795 2074 obiit
1818 2033 1914 2075 idus

375 2105 643 2161 Septembris
693 2120 805 2146 anno
856 2103 1018 2145 domini
1069 2102 1378 2144 sexcentesimo
1434 2101 1587 2157 quinto
1642 2101 1819 2150 decimo,
1871 2109 1915 2143 et

377 2175 587 2231 Hugolini
608 2174 859 2218 cubicularii
881 2174 1018 2216 sancti
1042 2173 1250 2221 Edwardi,
1267 2171 1437 2213 abbatis
1461 2171 1640 2220 Edwini‚
1657 2177 1700 2212 et
1719 2171 1914 2213 Sulcardi

377 2244 571 2285 monachi
595 2242 1078 2290 XVestmonasteriensi&
1100 2241 1212 2284 sicut
1234 2241 1278 2282 in
1304 2241 1429 2282 domo
1451 2240 1631 2296 capituli
1654 2241 1849 2290 habetur,
1872 2246 1916 2282 et
1937 2256 1975 2286 25

375 2313 578 2355 scribitur
598 2313 643 2354 in
666 2313 814 2354 tabula
835 2312 1038 2368 plumbea
1060 2311 1170 2352 infra
1192 2310 1388 2352 tumbam
1411 2325 1716 2351 marmoream:

549 2395 639 2436 Iste
670 2394 844 2435 locellus
875 2393 1006 2434 habet
1038 2391 1104 2433 bis
1134 2391 1237 2433 bina
1267 2391 1474 2432 cadavera
1504 2391 1673 2432 clausa:

608 2478 713 2504 uxor
744 2461 914 2504 Seberti
947 2460 1097 2516 prima,
1129 2466 1275 2501 tamen
1306 2459 1511 2500 minima:

550 2532 740 2573 defracta
770 2530 924 2586 capitis
955 2535 1070 2571 testa
1101 2529 1263 2570 clarens
1296 2528 1554 2584 Hugolinus,

608 2615 633 2640 a
664 2599 848 2640 claustro
879 2597 1048 2639 noviter
1079 2597 1162 2638 huc
1193 2597 1428 2638 translatus
1460 2603 1574 2638 erat:
1939 2616 1979 2646 30

551 2668 683 2708 abbas
715 2666 930 2716 Edwinus,
962 2672 1006 2707 et
1038 2665 1269 2707 Sulcardus
1301 2665 1521 2706 cenobita:

612 2736 844 2778 Sulcardus
877 2737 1011 2792 major
1041 2743 1130 2777 est:
1162 2736 1267 2777 deus
1298 2735 1403 2777 assit
1435 2735 1507 2777 eis.

470 2817 597 2858 Vivat
626 2816 761 2873 igitur
786 2817 828 2857 in
855 2823 1078 2858 aeternum
1109 2816 1239 2871 hujus
1267 2815 1405 2857 incliti
1434 2815 1569 2871 patris
1590 2816 1727 2858 sancti
1751 2816 1918 2858 Edwini

382 2886 608 2937 memoria3
639 2887 772 2942 cujus,
795 2893 844 2928 ut
872 2886 1071 2936 creditur,
1100 2885 1356 2942 prudentiae
1386 2884 1572 2926 consiliis
1601 2892 1645 2926 et
1674 2886 1919 2928 sanctitatis

382 2955 545 2997 meritis
587 2962 759 2997 sanctus
801 2954 963 2996 Christi
1006 2955 1216 2996 confessor
1257 2961 1301 2995 et
1342 2954 1523 3010 insignis
1564 2954 1803 3010 Anglorum
1846 2971 1919 2997 rex
1941 2977 1979 3008 35

381 3025 614 3067 Edwardus
645 3031 711 3067 tot
752 3031 795 3066 et
832 3025 966 3067 tantis
1008 3025 1120 3066 hunc
1157 3025 1294 3065 locum
1331 3039 1457 3065 suum
1494 3024 1713 3065 beneficiis
1749 3025 1920 3074 ditavit,

380 3095 616 3151 privilegiis
652 3095 871 3144 exaltavit,
902 3101 946 3136 et
987 3094 1324 3150 possessionibus
1365 3093 1602 3150 ampliavit,
1633 3094 1765 3136 immo
1806 3095 1920 3150 quod

383 3164 519 3220 magis
541 3171 617 3214 cst,
639 3163 998 3220 pretiosissimum
1024 3162 1261 3219 incorrupti
1284 3163 1470 3218 corporis
1497 3162 1564 3204 sui
1594 3162 1845 3205 thesaurum
1875 3164 1919 3205 in

994 3265 1035 3297 36
1059 3275 1119 3296 om.
1137 3274 1238 3296 suum
1255 3264 1308 3295 W.

1733 3339 1824 3370 6—:2
