2385 3891
90 760 142 791 for
159 759 269 790 whom
287 759 328 790 he

91 803 178 833 built
194 813 214 833 a
230 801 347 841 chapel

91 846 133 885 by
151 845 208 877 the
224 846 325 877 north

90 889 182 921 door.

93 1386 322 1425 Gontroversy

94 1428 175 1459 with
193 1428 250 1460 the

92 1474 249 1504 convent.

99 2561 135 2593 F.
157 2561 191 2591 of
208 2561 349 2590 Annun-

99 2603 239 2641 ciation,

100 2776 169 2807 and
185 2776 222 2808 of

103 2821 141 2851 St
159 2820 321 2851 Maurice.

103 2863 168 2902 (Cf.
186 2873 219 2902 p.
239 2864 291 2901 71,

101 2907 123 2938 1.
144 2906 208 2948 10.)

589 414 832 463 Re‘eleard
865 413 1113 476 Bet-lre'ny,
1154 409 1394 461 Re'ehard
1431 407 1700 469 Crolreslegs
1814 408 1906 454 109

375 542 582 598 ampliata
603 552 668 583 est
686 540 877 596 ejusdem
900 539 1069 580 abbatis
1091 538 1291 594 dignitas,
1315 543 1363 578 ut
1385 534 1584 576 videlicet
1606 531 1910 589 pontificaliter

374 627 450 668 per
467 611 608 652 onmia
626 611 797 653 missam
816 610 1060 651 celebraret.
1113 614 1204 649 erat
1219 607 1346 655 enim,
1367 606 1471 647 dum
1489 603 1630 645 adhuc
1647 602 1761 643 idem
1779 601 1910 641 abbas

375 681 743 723 archidiaconatus
766 680 1017 734 fungeretur
1037 677 1183 725 officio,
1205 675 1403 717 dominus
1426 672 1635 714 Ricardus
1649 674 1911 712 memoratus

376 750 493 792 beati
528 749 745 791 Edmundi
778 749 959 789 devotus
995 753 1160 787 amator
1196 752 1240 786 et
1277 744 1534 785 indefessus:
1581 740 1694 796 quod
1736 738 1909 794 quidem

377 820 538 861 electus
575 818 774 866 recolens,
810 832 893 857 non
935 816 1130 871 ingratus
1167 813 1412 861 retributor,
1448 810 1661 867 quandam
1705 808 1910 864 capellam

371 890 500 944 juxta
514 887 848 944 septentrionale
863 885 1020 926 ostium
1037 883 1237 925 ecclesiae
1253 898 1353 923 suae
1371 881 1424 922 ad
1440 881 1640 922 honorem
1655 878 1759 919 dicti
1777 876 1911 918 archi-

378 959 565 1014 cpiscopi
601 957 769 999 censuit
805 955 958 997 merito
994 952 1285 995 dedicandam.
1349 951 1415 992 1110
1447 949 1658 1006 siquidem
1696 947 1780 989 cito
1817 952 1913 1002 post

377 1028 635 1069 creationem
668 1041 801 1074 suam,
833 1025 922 1065 1000
950 1022 1101 1079 prioris
1135 1021 1199 1062 sui
1232 1020 1361 1069 Petri,
1390 1019 1469 1060 viri
1501 1018 1637 1059 sancti
1668 1032 1716 1058 ac
1745 1015 1912 1071 religio-

377 1096 532 1137 sissimi
562 1095 652 1151 (qui
685 1099 860 1150 propter
892 1093 1005 1134 vitae
1037 1097 1209 1133 sanctae
1239 1104 1339 1130 suae
1371 1087 1650 1129 eminentiam
1681 1086 1723 1126 in
1753 1084 1914 1140 capella

378 1166 608 1222 hospitum,
630 1179 758 1220 quam
782 1163 923 1204 dictus
952 1176 1024 1202 rex
1053 1159 1256 1208 condidit,
1279 1158 1437 1199 meruit
1461 1155 1750 1198 honorabilem
1773 1154 1913 1209 sepul-

378 1236 539 1287 turam)
568 1233 789 1275 dominum
814 1230 1070 1273 Mauricium
1101 1234 1434 1285 praecentorem,
1457 1226 1594 1267 virum
1617 1224 1916 1280 approbatum,

379 1305 421 1345 in
445 1305 645 1345 honorem
668 1302 882 1358 prioratus
904 1299 1057 1340 merito
1079 1296 1339 1353 subrogavit.
1402 1295 1504 1335 haec
1528 1293 1698 1334 ibidem.

465 1373 549 1414 Hic
585 1378 732 1413 autem
769 1370 921 1426 quinto
957 1383 1068 1409 anno
1105 1367 1170 1408 sui
1208 1364 1440 1422 regiminis,
1477 1377 1573 1403 cum
1612 1376 1662 1401 ex
1700 1359 1915 1400 occasione

378 1443 600 1498 cujusdam
652 1438 971 1496 compositionis
1023 1437 1137 1478 inter
1184 1434 1415 1476 Ricardum
1460 1431 1664 1486 Berkyng
1714 1428 1915 1469 abbatem

380 1508 752 1552 Westmonasterii
771 1514 814 1549 et
831 1512 1090 1549 conventum
1114 1504 1193 1545 1001
1216 1502 1420 1558 ejusdem,
1438 1498 1781 1556 quamplurimae
1804 1498 1918 1538 inter

379 1581 645 1636 praedictum
676 1577 906 1620 Ricardum
940 1582 984 1617 et
1016 1575 1108 1630 ejus
1137 1578 1394 1614 conventum
1426 1569 1722 1611 contentiones
1745 1573 1917 1608 exortae

380 1647 916 1692 fuissent—mediantibus
966 1644 1152 1686 dominis
1196 1643 1260 1684 W.
1304 1639 1586 1683 Bathoniensi
1625 1645 1668 1679 et
1712 1636 1917 1678 WVellensi

380 1721 576 1777 episcopo
611 1725 655 1760 et
696 1717 894 1760 Johanne
937 1714 1149 1756 Maunsell
1191 1711 1434 1769 praeposito
1477 1707 1707 1756 Beverlaci,
1743 1721 1916 1748 assensu

379 1804 549 1846 quoque
575 1787 737 1829 domini
762 1785 939 1827 Henrici
961 1783 1008 1825 iii
1031 1781 1211 1824 illustris
1234 1780 1345 1835 regis
1368 1778 1564 1835 Angliae,
1598 1777 1649 1818 lis
1671 1774 1918 1831 conquievit

380 1859 666 1902 amicabiliter
700 1857 815 1898 inter
854 1855 967 1911 ipsos
1004 1853 1048 1894 in
1085 1853 1198 1893 hunc
1235 1850 1433 1892 modum:
1482 1847 1681 1889 videlicet
1717 1846 1830 1902 quod
1865 1845 1918 1887 de

381 1929 688 1986 compositione
709 1927 902 1983 praefata
930 1932 1017 1966 tres
1042 1923 1252 1964 tollantur
1279 1918 1462 1967 articuli,
1484 1917 1557 1973 qui
1587 1931 1759 1958 causam
1789 1915 1916 1956 dede-

382 2005 483 2041 runt
519 1995 809 2046 contentioni3
849 1994 1011 2036 scilicet
1041 1992 1094 2033 de
1130 1988 1451 2032 obedientiariis
1487 2002 1563 2043 per
1598 1986 1799 2027 abbatem
1837 2000 1921 2025 non

382 2067 640 2116 amovendis,
677 2067 729 2107 de
771 2063 971 2106 carnibus
1013 2059 1231 2102 monachis
1273 2056 1554 2105 inveniendis,
1596 2061 1640 2096 ct
1680 2055 1732 2095 de
1774 2069 1919 2095 eorum

382 2137 583 2181 maneriis
604 2152 689 2178 non
713 2133 961 2183 visitandis3
995 2138 1043 2173 ut
1065 2136 1186 2186 patet
1209 2145 1259 2170 ex
1282 2127 1468 2184 quadam
1486 2124 1795 2181 compositione
1821 2123 1920 2163 inde

383 2210 505 2258 facta,
537 2214 627 2248 tam
664 2205 816 2261 sigillis
847 2201 1163 2259 praedictorum
1195 2197 1366 2240 abbatis
1400 2202 1444 2237 ct
1480 2201 1716 2236 conventus
1752 2192 1921 2248 signata

381 2292 510 2333 quam
549 2276 680 2317 etiam
718 2271 881 2315 domini
913 2270 1025 2326 regis
1062 2275 1106 2310 et
1137 2266 1454 2324 praedictorum
1485 2262 1755 2304 dominorum
1788 2260 1922 2316 signis

383 2347 590 2388 roborata.

470 2416 561 2457 Iste
602 2419 750 2455 autem
792 2411 925 2452 abbas
966 2408 1019 2449 ob
1068 2404 1352 2448 reverentiam
1396 2404 1549 2444 beatae
1591 2400 1660 2442 dei
1701 2399 1923 2456 genitricis

384 2485 558 2534 Mariae,
580 2484 719 2540 primo
741 2496 853 2523 anno
875 2494 978 2521 suae
1001 2476 1241 2526 creationis,
1264 2491 1314 2516 ex
1339 2472 1532 2515 unanimi
1550 2472 1773 2513 voluntate
1789 2469 1923 2511 totius

383 2562 619 2598 conventus
661 2552 705 2593 in
746 2551 874 2606 pleno
915 2547 1105 2604 capitulo
1153 2545 1310 2586 statuit
1353 2550 1402 2584 ut
1453 2540 1730 2583 annuntiatio
1770 2540 1923 2580 beatae

386 2625 546 2667 Mariae
569 2623 718 2664 eodem
737 2620 860 2662 modo
877 2626 921 2660 et
938 2617 1085 2658 ordine
1102 2615 1343 2656 celebretur
1365 2613 1407 2653 in
1432 2617 1689 2668 perpetuum
1707 2624 1790 2664 quo
1808 2607 1923 2648 illius

385 2695 626 2737 celebratur
657 2690 875 2738 nativitas,
906 2686 1107 2729 videlicet
1138 2684 1183 2725 in
1215 2683 1406 2739 quinque
1438 2680 1564 2736 capis.
1626 2694 1674 2719 ac
1705 2677 1837 2719 ctiam
1869 2676 1921 2717 ad

386 2763 637 2806 instantiam
670 2758 832 2801 domini
864 2757 976 2813 regis
1009 2754 1183 2797 Henrici
1218 2752 1433 2794 ordinavit
1465 2757 1514 2791 ut
1543 2748 1755 2790 festivitas
1787 2746 1924 2788 sancti

387 2833 584 2876 Mauricii
607 2847 703 2873 cum
731 2829 854 2871 sociis
875 2827 964 2869 suis
985 2827 1028 2867 in
1058 2825 1197 2867 tribus
1224 2823 1339 2879 capis
1361 2822 1413 2863 de
1435 2827 1603 2862 caetero
1625 2818 1924 2865 celebraretur,

385 2921 482 2947 cum
524 2901 790 2960 processione
827 2904 923 2954 post
959 2896 1133 2939 tertiam
1171 2894 1215 2935 in
1247 2892 1374 2948 capis.
1435 2889 1655 2932 ecclesiam
1698 2886 1829 2928 etiam
1872 2886 1924 2926 de

386 2976 558 3030 Feryng
575 2968 884 3013 Londoniensis
906 2967 1119 3008 dioceseos
1135 2962 1380 3020 praedictus
1399 2959 1607 3001 Ricardus
1625 2957 1757 2998 abbas
1773 2970 1925 3011 appro-

386 3042 545 3100 priavit
572 3056 648 3096 pro
669 3036 959 3080 anniversario
982 3035 1118 3076 clarae
1142 3031 1372 3074 memoriae
1395 3029 1507 3085 regis
1530 3026 1707 3069 Henrici
1736 3024 1855 3067 tertii
1881 3029 1925 3065 et

474 3146 492 3175 3
518 3142 779 3174 archidiaconus
795 3139 848 3170 W.
1052 3136 1072 3166 4
1095 3136 1143 3175 et]
1160 3144 1199 3165 ac
1215 3134 1266 3164 Fl.
1466 3132 1484 3163 7
1509 3140 1570 3160 om.
1589 3126 1759 3167 siquidem
1777 3126 1834 3166 Sp.

648 3195 667 3225 8
691 3203 751 3225 om.
768 3190 861 3224 Petri
877 3189 930 3222 W.
1226 3186 1266 3218 10
1289 3184 1416 3223 dictus]
1432 3181 1593 3213 dominus
1612 3179 1661 3211 Fl.

1938 1172 1975 1192 10

1943 1516 1976 1545 ¹5

1940 1863 1980 1884 20

1942 2208 1980 2239 '25

1944 2551 1985 2581 30

1945 2898 1984 2928 35
