2385 3891
107 863 172 894 His
188 862 285 894 anni-

109 916 245 946 versary
265 906 320 946 (cf.

110 955 116 967 ‘
131 949 302 980 Domesd.’

108 993 129 1025 f.
152 994 213 1024 118
225 993 265 1033 b).

882 417 1124 467 Richarcl
1162 416 1430 476 Crobedey
1832 416 1852 460 1
1865 417 1886 460 1
1899 416 1920 460 1

392 544 490 585 liter
507 543 824 599 pontificalibus
842 543 1055 589 indutum,
1075 542 1115 582 in
1136 542 1275 597 lapide
1296 555 1448 595 magno
1466 546 1509 580 et
1527 553 1708 579 concavo
1725 536 1924 593 positum.

391 614 514 668 cujus
537 613 622 653 talc
645 617 711 653 cst
733 611 1025 667 epitaphium:
1544 603 1550 609 ⁸

621 698 720 739 -Jam
754 697 1081 753 VVyntonapolis
1112 696 1164 737 dc
1198 696 1453 751 Orokesleye
1487 693 1667 735 Ricardo

681 767 829 808 mortis
860 781 1005 807 amara
1035 765 1167 814 dedit,
1199 774 1242 807 et
1275 766 1390 806 locus
1422 764 1503 805 iste
1535 762 1661 818 capit.

485 854 553 895 Ad
576 854 669 909 ejus
689 852 1040 901 anniversarium,
1062 852 1142 892 sub
1165 852 1299 892 forma
1320 865 1429 906 quac
1458 849 1654 905 sequitur
1681 846 1930 888 solemniter
1949 859 1965 890 5

397 923 699 964 celebrandum
719 921 899 977 singulis
916 921 1051 969 annis,
1065 921 1301 976 assignavit
1324 920 1562 961 manerium
1585 918 1637 959 de
1661 916 1929 973 Hampst-ede

396 999 440 1034 et
465 993 517 1033 de
546 991 680 1034 Stoke
709 1006 806 1032 cum
833 990 927 1031 aliis
952 990 1215 1031 redditibus:
1249 989 1448 1030 videlicet
1478 995 1527 1029 ut
1558 988 1603 1029 in
1634 988 1782 1043 vigilia
1813 992 1857 1027 et
1886 985 1929 1026 in

394 1061 672 1103 anniversarii
709 1061 777 1102 die
814 1060 1021 1116 praedicti
1054 1060 1255 1101 solemnis
1286 1060 1362 1100 fiat
1393 1058 1580 1115 pulsatio
1612 1071 1928 1113 campanarum,

397 1137 446 1172 ut
487 1130 615 1171 moris
652 1136 728 1179 est,
770 1129 824 1170 ad
861 1144 988 1184 quam
1031 1128 1268 1184 assignavit
1310 1128 1384 1168 xiii
1437 1128 1592 1168 solidos
1644 1127 1684 1167 iv
1735 1124 1931 1166 denarios

395 1199 631 1241 annuatim.
692 1198 783 1254 ipso
817 1212 985 1253 quoque
1021 1197 1090 1238 die
1127 1203 1229 1238 ante
1267 1196 1439 1238 missam
1477 1197 1552 1237 fiat
1588 1194 1778 1251 erogatio
1814 1192 1930 1234 mille
1954 1209 1991 1230 10

396 1268 668 1326 pauperibus,
699 1275 743 1309 et
774 1282 850 1323 per
880 1282 952 1307 scx
984 1266 1075 1307 dies
1107 1266 1332 1307 continuos
1369 1271 1598 1321 sequentes
1634 1264 1826 1320 quolibet
1863 1262 1931 1302 die

397 1338 659 1396 quingentis,
690 1337 868 1378 cuilibet
899 1336 1077 1392 pauperi
1112 1351 1246 1377 unum
1274 1335 1521 1383 denarium;
1563 1334 1615 1374 ad
1649 1332 1761 1389 quod
1800 1331 1932 1386 assig-

396 1407 517 1449 navit
543 1407 613 1448 xvi
647 1406 776 1447 libras
808 1405 882 1446 xiii
912 1405 1067 1446 solidos
1096 1405 1137 1445 iv
1166 1404 1372 1445 denarios,
1435 1403 1583 1444 eodem
1614 1416 1783 1457 quoque
1811 1400 1880 1441 die
1908 1414 1934 1440 a

395 1482 608 1517 conventu
641 1474 685 1515 in
716 1474 830 1530 capis
864 1473 992 1514 missa
1027 1472 1325 1521 celebrabitur,
1358 1478 1401 1513 et
1438 1472 1482 1512 in
1519 1470 1740 1512 refectorio
1772 1468 1931 1510 eisdem

396 1544 606 1587 servietur
633 1558 730 1584 cum
756 1557 879 1598 pane,
906 1542 1014 1590 vino,
1042 1541 1211 1582 duabus
1239 1540 1441 1596 pitanciis
1470 1546 1514 1581 et
1536 1554 1622 1580 uno
1645 1544 1858 1580 entremes
1880 1536 1932 1577 dc
1956 1552 1992 1583 15

396 1613 599 1670 coquina3
644 1627 719 1668 pro
755 1627 840 1667 qua
875 1611 1112 1667 assignavit
1145 1610 1202 1651 vii
1234 1610 1374 1659 libras,
1405 1617 1450 1651 et
1486 1609 1709 1650 dimidiam
1748 1622 1931 1648 marcam

396 1684 509 1725 inter
545 1682 779 1724 servientes
814 1681 1014 1722 abbatiae
1051 1680 1338 1721 dividendam.
1400 1679 1615 1721 ordinavit
1651 1678 1783 1719 etiam
1821 1675 1932 1732 quod

395 1759 580 1809 quatuor
600 1750 796 1792 monachi
819 1750 999 1806 singulis
1021 1749 1173 1791 diebus
1195 1749 1239 1790 in
1261 1755 1520 1805 perpetuum
1543 1763 1618 1803 pro
1635 1747 1778 1788 anima
1800 1746 1934 1802 ipsius

396 1821 613 1863 celebrent
640 1820 694 1861 ad
723 1825 909 1875 quatuor
936 1818 1113 1868 altaria3
1150 1817 1313 1859 scilicet
1341 1817 1395 1858 ad
1424 1818 1558 1858 altare
1590 1817 1742 1858 beatae
1773 1814 1934 1856 Mariae

398 1890 575 1947 virginis
616 1905 727 1931 unus
769 1889 942 1930 missam
984 1887 1219 1929 celebrabit
1259 1887 1311 1927 de
1353 1892 1500 1927 sancta
1542 1886 1690 1934 Maria,
1731 1884 1840 1926 alius
1881 1883 1934 1924 ad
1954 1898 1995 1920 ἰο

397 1961 531 2002 altare
553 1964 725 2000 sanctae
746 1957 958 1999 trinitatis
980 1957 1033 1998 de
1055 1956 1209 2012 spiritu
1233 1963 1392 2004 sancto,
1414 1955 1570 1997 tertius
1591 1954 1645 1995 ad
1661 1955 1795 1995 altare
1818 1952 1934 1994 beati

398 2030 510 2086 regis
534 2028 731 2071 Edwardi
753 2027 805 2069 de
834 2027 926 2083 ipso
955 2032 1113 2076 sancto,
1136 2032 1316 2082 quartus
1341 2025 1396 2066 ad
1421 2025 1555 2066 altare
1576 2024 1694 2065 beati
1717 2022 1935 2064 Edmundi

399 2098 646 2141 confessoris
677 2096 921 2153 specialiter
951 2111 1026 2152 pro
1056 2096 1201 2136 anima
1231 2094 1389 2150 ipsius3
1430 2094 1493 2135 ita
1523 2094 1635 2150 quod
1668 2093 1712 2134 in
1743 2092 1937 2148 qualibet

400 2167 645 2225 hujusmodi
668 2166 893 2208 missarum
910 2164 1105 2221 specialis
1121 2165 1197 2205 fiat
1214 2163 1350 2205 oratio
1367 2169 1411 2205 et
1430 2163 1655 2204 memoria:
1684 2162 1737 2204 ad
1755 2176 1935 2218 quorum

399 2237 759 2281 sustentationem
785 2234 1021 2292 assignavit
1053 2250 1107 2275 xx
1139 2234 1278 2275 libras.
1340 2233 1554 2274 ordinavit
1583 2233 1715 2274 etiam
1746 2238 1795 2273 ut
1820 2230 1935 2272 omni
1958 2248 1996 2278 ²5

399 2309 468 2350 die
499 2323 575 2364 pro
605 2311 826 2362 perpetuo,
857 2304 892 2345 si
929 2304 1039 2345 infra
1074 2302 1381 2344 monasterium
1419 2302 1615 2358 sepultus
1651 2301 1792 2350 fuerit,
1823 2299 1936 2356 quod

399 2378 509 2420 circa
540 2376 734 2418 tumbam
768 2374 883 2416 illius
915 2373 1003 2414 sint
1034 2373 1077 2414 iv
1108 2372 1230 2422 cerei,
1266 2372 1370 2413 dum
1404 2371 1532 2412 missa
1562 2387 1637 2427 pro
1669 2372 1760 2427 ejus
1794 2370 1937 2411 anima

400 2448 652 2495 celebratur,
693 2444 897 2486 continue
938 2443 1148 2485 ardentes.
1222 2448 1266 2483 et
1307 2441 1342 2482 si
1376 2448 1497 2483 extra
1530 2440 1836 2482 monasterium
1874 2454 1935 2480 se-

400 2517 550 2574 pultus
583 2514 724 2563 fuerit,
757 2519 861 2554 tunc
892 2527 944 2553 ex
976 2511 1019 2552 iv
1050 2511 1182 2552 cereis
1213 2510 1445 2566 praedictis
1477 2509 1564 2551 sint
1595 2510 1680 2550 duo
1717 2509 1771 2549 ad
1802 2509 1937 2549 altare

401 2592 573 2627 sanctae
598 2583 818 2631 trinitatiS,
839 2581 911 2622 alii
941 2581 1026 2622 duo
1047 2581 1101 2622 ad
1122 2581 1257 2621 altare
1286 2579 1402 2620 beati
1433 2579 1650 2620 Edmundi
1679 2577 1937 2626 confessoris,
1958 2593 1998 2622 30

401 2657 504 2697 dum
543 2654 695 2695 missae
736 2653 1008 2694 celebrantur
1047 2666 1123 2707 pro
1164 2666 1213 2692 eo
1254 2650 1477 2699 ardentes3
1527 2649 1589 2690 ita
1629 2648 1742 2704 quod
1783 2647 1827 2688 in
1868 2647 1936 2687 die

402 2722 679 2766 anniversarii
718 2722 783 2763 sui
821 2722 886 2762 vel
919 2721 1029 2762 circa
1061 2721 1256 2761 tumbam
1289 2720 1424 2776 ipsam
1458 2719 1523 2759 vel
1560 2725 1661 2759 ante
1693 2717 1856 2765 altaria,
1890 2726 1938 2757 ut

403 2792 675 2850 praedicitur,
707 2791 748 2832 iv
785 2790 895 2831 cerei
929 2789 1138 2845 praedicti
1175 2804 1251 2845 per
1292 2795 1433 2830 totum
1465 2788 1579 2829 diem
1613 2787 1815 2836 ardeant3
1862 2802 1938 2841 pro

402 2864 559 2920 quibus
590 2860 826 2917 assignavit
859 2860 899 2900 lx
931 2859 1096 2900 solidos.
1157 2858 1358 2899 similiter
1388 2858 1519 2899 etiam
1557 2855 1771 2897 ordinavit
1807 2870 1937 2896 unam

403 2933 644 2989 lampadem
662 2930 864 2972 continue
881 2929 1103 2970 ardentem
1122 2928 1165 2968 in
1189 2928 1351 2984 capella
1367 2928 1419 2968 de
1437 2926 1625 2968 Totehill
1641 2932 1741 2967 ante
1759 2940 1937 2973 crucem,
1961 2941 1998 2971 35.

404 3010 448 3045 et
470 3018 602 3044 unum
627 3015 797 3042 cereum
823 2999 1027 3041 continue
1053 2999 1275 3040 ardentem
1306 3005 1407 3039 ante
1434 2998 1569 3038 altare
1598 2997 1750 3038 beatae
1778 2995 1938 3036 Mariae

406 3072 687 3128 Magdalenae
715 3069 818 3110 dum
847 3068 977 3109 missa
1008 3067 1169 3109 ibidem
1207 3067 1471 3117 celebratur3
1513 3073 1557 3107 et
1588 3081 1663 3121 pro
1700 3065 1777 3106 hoc
1808 3065 1937 3120 assig-

404 3141 525 3183 navit
547 3155 677 3182 unam
700 3152 896 3180 marcam.
958 3143 1002 3178 et
1023 3151 1100 3192 per
1121 3132 1274 3177 manus
1295 3135 1519 3177 infirmarii
1540 3134 1614 3191 qui
1643 3149 1718 3190 pro
1747 3141 1939 3190 tempore

1036 3258 1076 3288 35
1101 3255 1262 3289 Tothulle
1279 3256 1312 3288 d.
