2385 3891
237 773 403 811 Geoffrey,

237 815 397 855 formerly

237 859 340 890 abbot
357 859 394 890 of

235 902 417 942 Jumicges„

238 1321 381 1352 whither
396 1321 439 1352 he

238 1365 267 1396 is
285 1368 360 1396 sent
376 1365 471 1396 back.

236 1600 371 1637 Vitalis,

238 1644 400 1683 formerly

237 1687 339 1718 abbot
356 1688 393 1718 of

236 1731 384 1770 Bernay.

236 1877 286 1909 Cf.
311 1878 465 1909 ‘Domes-

237 1921 318 1961 day’
338 1922 358 1953 f.
380 1922 432 1953 55.

238 2085 325 2116 Ibid.
344 2086 366 2117 f.
388 2086 429 2117 56
437 2087 465 2116 b.

241 2639 383 2671 Suleard
401 2639 459 2670 the

239 2683 428 2714 chronicler

240 2727 295 2766 (ef.
313 2737 346 2767 p.
364 2728 410 2768 3).

238 2990 259 3022 †
268 2990 306 3021 19
323 2990 414 3020 June

240 3034 323 3063 1082
341 3033 394 3073 [η.

521 430 584 475 84
823 424 1005 473 Flete's
1041 421 1264 483 History
1301 419 1366 482 of
1402 416 1749 466 Westmi‘nster

521 552 598 592 hoc
622 566 737 593 sacro
768 547 1025 590 monasterio
1056 545 1205 601 reponi
1233 542 1479 592 mandavit;
1511 541 1586 583 ubi
1615 540 1735 582 novis
1763 539 2057 581 indesinenter

521 621 643 662 floret
675 619 891 661 miraculis
922 617 975 659 ad
1008 615 1179 658 laudem
1211 612 1374 656 domini
1404 611 1539 653 nostri
1576 611 1681 653 Jesu
1720 609 1898 659 Christi,
1933 609 2055 664 cujus

520 690 640 745 regni
662 704 745 730 non
767 688 849 729 erit
870 687 978 728 finis.
1039 699 1176 727 amen.

607 758 672 798 De
695 755 884 798 Galfrido
905 755 1073 796 abbate.

607 824 784 866 Edwino
805 824 1007 865 defuncto
1036 820 1240 864 successit
1263 819 1492 867 Galfridus,
1515 817 1730 874 quondam
1758 817 1890 858 abbas
1919 815 2054 858 sancti

522 895 637 937 Petri
688 894 740 936 de
792 893 1006 950 Gymeges
1056 891 1101 932 in
1149 888 1428 932 Normannia.
1490 887 1572 929 iste
1617 886 1754 943 primo
1802 886 1854 927 de
1900 900 2055 941 genere

520 965 867 1006 Normannorum
914 977 991 1018 per
1030 961 1172 1018 ipsum
1219 974 1364 1016 regem
1417 958 1682 999 Willelmum
1731 961 2054 1012 conquestorem

520 1033 790 1075 introductus
819 1038 895 1081 est,
918 1037 962 1073 et
990 1031 1033 1072 in
1063 1031 1265 1072 abbatem
1295 1027 1488 1084 ejusdem
1517 1026 1597 1068 loci
1625 1033 1804 1075 creatus,
1826 1041 1911 1066 non
1942 1031 2055 1066 recte

519 1102 719 1158 gradiens
755 1101 798 1142 in
839 1101 916 1142 viis
953 1106 1125 1156 patrum
1163 1113 1349 1147 suorum,
1385 1103 1537 1153 quarto
1573 1111 1684 1137 anno
1720 1095 1787 1137 sui
1823 1094 2057 1150 regiminis,

519 1172 647 1214 certis
664 1188 713 1213 ex
730 1170 867 1212 causis
884 1169 995 1212 veris
1017 1176 1060 1211 et
1082 1168 1301 1225 legitimis,
1318 1168 1371 1208 ab
1389 1167 1536 1208 eodem
1555 1180 1654 1222 rege
1677 1171 1720 1207 et
1742 1164 2056 1221 archiepiscopo

521 1240 780 1284 Cantuariae
803 1240 1038 1281 Lanfranco
1059 1243 1273 1279 correctus
1294 1243 1382 1286 est3
1412 1235 1568 1277 deinde
1590 1234 1755 1276 meritis
1776 1234 1864 1275 suis
1885 1233 2056 1290 exigen-

521 1312 638 1353 tibus
663 1310 884 1366 depositus
906 1315 983 1358 est,
1006 1308 1149 1364 sicque
1182 1307 1234 1349 ad
1266 1305 1574 1348 monasterium
1597 1320 1723 1346 suum
1746 1305 1859 1346 unde
1882 1310 2058 1345 venerat

521 1382 563 1422 in
606 1380 917 1422 Normanniam
960 1378 1146 1420 maximo
1188 1393 1285 1419 cum
1323 1377 1476 1418 rubore
1512 1390 1705 1416 reversus
1739 1381 1815 1416 est.
1896 1374 2056 1415 ibidem

520 1450 705 1506 denique
721 1450 835 1491 diem
858 1464 984 1490 suum
1007 1447 1160 1489 clausit
1183 1453 1442 1489 extremum:
1463 1445 1585 1501 cujus
1607 1445 1775 1486 animae
1798 1443 2058 1500 propitietur

519 1520 635 1561 deus
696 1534 832 1561 amen.

608 1589 673 1630 De
696 1588 831 1629 Vitali
852 1588 1020 1629 abbate.

610 1658 776 1708 Vitalis,
817 1657 1033 1713 quondam
1074 1656 1206 1697 abbas
1246 1656 1299 1697 de
1350 1655 1566 1711 Berneges
1608 1654 1650 1695 in
1693 1653 1735 1694 N
1740 1653 1972 1702 orm-annia,
2014 1652 2058 1694 in

520 1728 721 1769 abbatem
760 1725 1134 1768 VVestmonasterii
1176 1730 1345 1766 creatus
1381 1730 1458 1773 est,
1492 1729 1670 1764 vocante
1704 1738 1803 1764 eum
1844 1722 2058 1763 Willelmo

521 1812 619 1853 rege
642 1802 919 1852 conquestore
941 1801 1037 1851 post
1059 1794 1370 1850 depositionem
1401 1793 1582 1835 Galfridi
1612 1793 1831 1849 praedicti.
1892 1792 1944 1834 de
1977 1792 2058 1834 isto

520 1873 642 1923 patre
664 1865 865 1907 scribitur
886 1864 931 1905 in
952 1863 1138 1905 secunda
1166 1864 1314 1904 charta
1336 1863 1542 1904 Willelmi
1564 1862 1675 1919 regis
1696 1862 1884 1911 senioris,
1906 1863 1992 1903 fere
2014 1861 2058 1903 in

520 1937 616 1986 fine,
640 1935 714 1976 ubi
736 1950 891 1976 nomen
914 1933 1048 1990 ipsius
1070 1933 1278 1974 recitatur
1298 1932 1412 1974 inter
1432 1932 1537 1974 alios
1558 1933 1759 1974 abbates:
1791 1948 1839 1974 ac
1860 1932 1989 1974 etiam
2014 1933 2058 1973 in

522 2006 706 2062 quodam
728 2005 846 2047 brevi
869 2004 1062 2060 ejusdem
1080 2003 1193 2059 regis
1215 2003 1259 2044 in
1281 2004 1385 2044 haec
1403 2003 1552 2045 verba:

610 2075 851 2116 Willelmus
874 2089 945 2115 rex
963 2073 1147 2129 Angliae
1170 2073 1390 2129 episcopis,
1404 2073 1647 2122 abbatibus,
1665 2071 1998 2121 vicecomitibus,
2015 2078 2059 2113 et

522 2145 720 2187 omnibus
741 2151 829 2185 tam
860 2142 1137 2199 Francigenis
1167 2148 1210 2183 et
1233 2143 1438 2198 Anglicis,
1462 2142 1720 2198 ubicumque
1743 2141 1901 2183 Vitalis
1928 2142 2059 2183 abbas

522 2214 659 2256 sancti
682 2213 798 2255 Petri
827 2213 879 2254 de
906 2211 1287 2253 Westmonasterio
1316 2212 1447 2253 habet
1478 2218 1622 2261 terras,
1645 2211 1839 2253 salutem.
1901 2211 2059 2253 Sciatis

522 2283 724 2339 quoniam
747 2297 824 2338 ego
849 2281 940 2322 volo
962 2288 1006 2321 et
1027 2280 1210 2321 firmiter
1230 2281 1424 2331 concedo,
1443 2287 1491 2322 ut
1508 2280 1639 2322 abbas
1662 2280 1818 2321 Vitalis
1837 2280 1993 2321 habeat
2015 2280 2059 2320 in

524 2350 887 2394 Wirecestrescire
904 2356 1045 2391 totum
1060 2364 1185 2391 suum
1200 2349 1452 2399 dominium,
1465 2349 1576 2392 sicut
1594 2349 1753 2406 poterit
1768 2350 2058 2391 demonstrare

523 2422 635 2478 quod
663 2422 884 2463 Wlstanus
916 2420 1139 2476 episcopus
1171 2425 1215 2460 et
1243 2419 1375 2460 abbas
1397 2419 1449 2460 de
1476 2419 1689 2460 Evesham
1722 2425 1765 2460 et
1794 2419 2059 2460 Rambaldus

522 2491 798 2534 cancellarius
820 2489 1079 2531 derationati
1101 2496 1203 2531 sunt
1231 2489 1284 2530 ad
1314 2504 1420 2545 opus
1442 2488 1578 2530 sancti
1603 2488 1719 2529 Petri
1741 2488 1792 2529 de
1816 2488 2058 2529 &Vestmon-

523 2561 690 2612 asterio,
713 2567 762 2602 ut
784 2560 891 2601 illud
914 2560 1092 2601 haberet
1114 2559 1158 2600 in
1179 2558 1380 2609 dominio,
1402 2565 1478 2600 etc.

610 2630 746 2687 Cujus
765 2637 956 2686 tempore
973 2628 1117 2670 floruit
1135 2628 1367 2670 Sulcardus
1385 2629 1628 2678 monachus,
1646 2628 1698 2669 de
1720 2643 1803 2684 quo
1824 2628 1874 2669 fit
1897 2628 2059 2669 mentio

521 2700 717 2756 superius
749 2699 895 2740 eodem
929 2697 1142 2753 capitulo;
1175 2697 1249 2753 qui
1281 2697 1522 2738 chronicam
1555 2712 1675 2738 suam
1707 2696 1877 2753 scripsit
1908 2697 2060 2748 eidem,

522 2785 631 2825 quae
663 2769 722 2810 sic
753 2767 928 2823 incipit:
961 2766 1208 2808 Venerabili
1239 2766 1328 2807 viro
1360 2772 1404 2807 et
1437 2781 1604 2822 semper
1634 2765 1702 2807 dei
1731 2781 1863 2816 servo,
1888 2766 2060 2808 domino

522 2838 669 2879 abbati
702 2836 850 2885 Vitali,
872 2836 1175 2877 monachorum
1209 2835 1424 2885 minimus,
1447 2837 1578 2877 frater
1605 2836 1848 2885 Sulcardus,
1875 2837 2057 2877 salutem

523 2923 620 2949 cum
642 2907 796 2948 devoto
819 2906 1028 2946 famulatu
1052 2912 1096 2946 et
1117 2905 1331 2960 obsequie,
1354 2911 1432 2946 etc.

612 2974 734 3016 Obiit
775 2979 921 3014 autem
960 2973 1049 3013 xix⁰
1080 2972 1148 3014 die
1191 2972 1349 3014 mensis
1390 2973 1525 3022 Junii‚
1556 2988 1667 3014 anno
1708 2972 1819 3028 regis
1855 2972 2057 3013 Willelmi

523 3043 699 3085 senioris
735 3042 886 3098 quinto
923 3041 1098 3091 decimo,
1130 3047 1173 3083 et
1205 3057 1317 3082 anno
1348 3041 1510 3082 domini
1542 3041 1769 3082 millesimo
1800 3040 2059 3096 octogesimo

522 3113 720 3162 secundo,
759 3127 856 3153 cum
898 3111 1154 3168 praefuisset
1197 3111 1337 3153 eidem
1379 3112 1468 3153 loco
1510 3111 1633 3152 annis
1674 3111 1843 3152 circiter
1882 3124 2060 3161 novem;

587 3217 626 3246 24
652 3217 739 3255 tam]
754 3226 856 3255 supra
875 3216 935 3246 lin.
953 3214 985 3246 d.
1119 3217 1160 3247 25
1184 3226 1244 3247 om.
1263 3216 1411 3248 salutem
1428 3216 1513 3247 DW.
1640 3217 1680 3249 27
1704 3214 1994 3248 Wurcestreshire
2011 3216 2057 3247 D:

523 3267 633 3301 Worc.
650 3267 703 3301 W.
923 3267 963 3301 28
989 3266 1192 3300 Wulstanus
1208 3267 1294 3300 DW.

2083 1188 2119 1209 10

2080 1886 2119 1907 20

2078 2931 2118 2960 35
