2385 3891
505 409 570 454 62
806 406 990 454 Flete’s
1026 405 1251 468 History
1288 405 1355 468 of
1390 403 1739 453 Westminster

502 531 719 572 Romanae
737 531 938 572 ecclesiae
956 531 1047 572 sine
1064 530 1181 571 omni
1199 529 1450 585 exceptione
1464 529 1583 570 nullo
1601 529 1819 571 mediante
1836 529 2040 585 subjecta.

500 606 723 656 praeterea
739 615 822 641 non
841 599 988 641 licebit
1010 599 1207 655 episcopo
1230 598 1519 640 Londoniensi
1535 599 1601 640 vel
1624 599 1716 655 ejus
1730 598 2042 640 successoribus

501 670 568 711 vel
601 685 746 711 eorum
777 669 1028 710 officialibus
1054 668 1108 709 ad
1139 668 1351 724 synodum
1378 668 1445 709 vel
1477 668 1717 724 capitulum
1744 668 1948 709 abbatem
1975 667 2041 708 vel

502 738 729 779 monachos
751 737 839 778 sive
861 752 1063 793 personas
1085 737 1303 792 regulares
1320 737 1386 777 vel
1409 737 1619 778 seculares
1636 736 1808 778 clericos
1826 736 1893 777 vel
1914 735 2042 776 laicos

501 823 649 849 vocare
686 808 796 849 infra
832 807 1040 849 terminos
1081 807 1222 848 dictae
1263 807 1489 863 parochiae
1526 812 1851 856 commorantes,
1884 821 1961 847 nec
1996 806 2042 846 in
2067 821 2078 829 ⁶

501 893 656 934 magno
682 892 759 919 nec
785 878 830 918 in
856 877 1035 918 minimo
1064 877 1362 933 quoquomodo
1387 877 1441 918 de
1471 877 1575 933 ipsis
1604 876 1906 918 intromittere.
1968 875 2042 917 sed

500 947 632 988 abbas
654 947 728 1002 qui
754 962 829 1002 pro
851 952 1044 1002 tempore
1071 946 1201 987 fuerit
1227 946 1338 987 infra
1359 946 1573 987 ambitum
1600 945 1705 987 dicti
1727 944 1975 986 monasterii
1997 950 2042 986 et

500 1016 641 1058 dictae
672 1016 897 1072 parochiae
929 1031 1005 1071 per
1035 1031 1079 1057 se
1111 1015 1178 1056 vel
1209 1030 1286 1071 per
1316 1015 1515 1056 officiales
1544 1030 1641 1056 suos
1673 1021 1762 1056 tam
1792 1014 1837 1055 in
1869 1013 2041 1055 clericos

501 1101 630 1142 quam
671 1086 715 1126 in
757 1085 884 1126 laicos
925 1085 1057 1126 libere
1095 1099 1217 1126 suam
1254 1093 1450 1126 exerceat
1486 1083 1846 1140 jurisdictionem,
1880 1082 1959 1124 deo
1997 1090 2041 1124 et

501 1155 702 1197 ecclesiae
725 1156 942 1196 Romanae
969 1170 1097 1210 super
1118 1170 1219 1195 cura
1239 1154 1482 1195 animarum
1509 1153 1619 1194 infra
1640 1152 1800 1193 limites
1822 1153 2040 1208 praefatae

500 1225 724 1281 parochiae
746 1230 1048 1266 contentarum
1071 1230 1115 1265 et
1131 1224 1433 1280 jurisdictione
1455 1238 1532 1264 sua
1550 1222 1852 1264 tantummodo
1869 1237 2040 1278 respon-

501 1311 635 1337 surus.
696 1295 1018 1336 benedictiones
1045 1294 1178 1336 etiam
1208 1294 1430 1343 abbatum,
1451 1293 1742 1335 dedicationes
1769 1292 2042 1334 ecclesiarum

502 1372 545 1406 et
567 1365 826 1421 capellarum
848 1365 959 1406 infra
980 1365 1140 1406 limites
1162 1364 1432 1420 saepedictae
1454 1363 1678 1420 parochiae
1700 1369 2042 1404 constructarum

502 1440 546 1475 et
583 1434 627 1474 in
663 1440 882 1490 posterum
920 1433 1316 1481 comtruendarum,
1353 1433 1691 1474 consecrationes
1727 1432 1942 1481 altarium,
1977 1447 2041 1473 or-

501 1503 744 1544 dinationes
770 1503 1074 1544 monachorum
1102 1508 1145 1544 et
1175 1502 1423 1543 clericorum
1450 1501 1720 1551 secularium,
1750 1508 1793 1542 et
1819 1502 2040 1542 confirma-

502 1573 639 1614 tiones
670 1587 900 1628 puerorum
932 1572 1073 1613 dictae
1105 1572 1341 1627 parochiae,
1366 1572 1507 1612 oleum
1541 1572 1673 1613 etiam
1707 1578 1750 1613 et
1782 1571 1967 1612 chrisma
1997 1577 2042 1612 et

501 1642 624 1698 siqua
664 1641 822 1682 similia
863 1648 965 1683 sunt
1006 1648 1284 1690 sacramenta,
1326 1641 1587 1697 ubicumque
1630 1647 1674 1682 et
1715 1657 1740 1682 a
1773 1656 2041 1697 quocumque

501 1711 715 1752 voluerint
737 1710 933 1767 episcopo
955 1710 1165 1767 recipient
1186 1711 1347 1767 absque
1370 1710 1486 1751 omni
1509 1710 1818 1751 Londoniensis
1841 1709 2041 1751 ecclesiae

500 1781 847 1823 contradictione.
911 1787 955 1822 et
987 1782 1021 1822 si
1054 1781 1210 1823 futuris
1243 1781 1509 1837 temporibus
1542 1780 1772 1835 contigerit
1803 1779 1940 1820 dictos
1968 1779 2040 1820 ab·

499 1852 645 1892 batem
685 1851 749 1892 vel
791 1851 1030 1899 monachos,
1064 1851 1235 1892 clericos
1271 1851 1335 1892 vel
1371 1851 1510 1899 laicos,
1544 1866 1568 1891 a
1602 1849 1728 1891 dictis
1766 1848 1963 1905 episcopo
1997 1854 2041 1890 et

500 1921 690 1976 capitulo
712 1921 880 1962 ordines
903 1921 969 1962 vel
991 1920 1165 1977 aliquod
1188 1936 1345 1961 munus
1367 1919 1591 1976 spirituale
1608 1919 1811 1975 accipere,
1827 1918 1893 1959 vel
1915 1918 2042 1959 dictis

501 1990 697 2046 episcopo
727 1996 771 2031 et
798 1990 987 2045 capitulo
1016 2005 1092 2046 per
1117 1989 1441 2045 simplicitatem
1470 1989 1534 2030 vel
1564 1988 1869 2030 liberalitatem
1898 1987 2042 2043 aliquo

502 2060 625 2101 modo
641 2060 830 2116 aliquam
849 2058 1218 2100 honorificentiam
1237 2058 1449 2108 exhibere,
1468 2058 1534 2099 vel
1556 2058 1608 2099 ad
1626 2057 1836 2114 synodum
1854 2056 2042 2114 episcopi

501 2131 567 2172 vel
603 2131 843 2187 capitulum
875 2129 1012 2171 sancti
1047 2129 1170 2170 Pauli
1200 2144 1277 2185 pro
1308 2128 1564 2170 necessitate
1596 2127 1846 2169 monasterii
1876 2127 1942 2168 sui
1974 2128 2041 2168 vel

501 2215 771 2255 quacumque
800 2199 1016 2240 occasione
1045 2198 1255 2248 accedere,
1279 2198 1344 2239 vel
1377 2198 1623 2253 episcopum
1649 2197 1703 2238 ad
1731 2196 2039 2237 monasterium

502 2269 961 2310 Westmonasteriense
993 2283 1262 2324 quocumque
1294 2282 1394 2308 casu
1426 2282 1642 2308 accessum
1674 2267 1842 2316 habere,
1870 2266 2040 2307 nullum

502 2354 553 2380 ex
575 2338 641 2380 his
670 2338 862 2380 libertati
884 2338 1187 2379 monachorum
1212 2337 1277 2378 vel
1306 2336 1659 2393 parochianorum
1681 2335 2040 2392 praescriptorum

501 2408 812 2464 praejudicium
835 2414 1089 2464 generetur3
1119 2408 1193 2449 sed
1211 2407 1347 2448 modis
1364 2406 1562 2448 omnibus
1579 2405 1703 2447 liberi
1720 2405 1765 2447 in
1781 2411 2041 2462 perpetuum

214 2481 429 2513 Boundaries
446 2482 483 2513 of
500 2483 781 2534 permaneant
795 2483 839 2518 et
854 2477 1055 2533 exempti.
1107 2492 1160 2518 ne
1178 2491 1274 2518 vero
1287 2491 1416 2532 super
1428 2474 1642 2516 limitibus
1658 2475 1798 2516 dictae
1815 2474 2040 2530 parochiae

216 2525 255 2557 St
272 2525 474 2565 Margaret’s

213 2569 342 2609 parish.

498 2553 670 2589 sanctae
705 2548 975 2603 Margaretae
1017 2546 1212 2602 quaestio
1252 2545 1386 2601 possit
1423 2544 1616 2595 suboriri,
1651 2544 1812 2585 limites
1845 2543 2039 2600 ejusdem

498 2617 722 2674 parochiae
743 2616 960 2673 praesenti
983 2615 1140 2672 scripto
1162 2615 1365 2656 duximus
1388 2614 1673 2655 declarandos.
1734 2613 1887 2670 incipit
1905 2613 2041 2669 igitur

498 2687 698 2742 parochia
719 2692 891 2727 sanctae
914 2686 1184 2741 Margaretae
1206 2684 1261 2725 ab
1282 2699 1393 2739 aqua
1415 2683 1467 2725 de
1496 2684 1698 2739 Tyburne
1720 2683 1972 2724 decurrente
1994 2682 2040 2723 in

498 2756 732 2798 Tamisiam
749 2771 799 2797 ex
824 2771 909 2797 una
929 2760 1064 2811 parte,
1081 2760 1125 2795 et
1147 2770 1196 2795 ex
1215 2754 1351 2795 altera
1367 2753 1479 2795 sicut
1495 2759 1632 2795 strata
1648 2753 1765 2810 regia
1782 2768 1825 2795 se
1843 2752 2040 2794 extendit

500 2841 645 2867 versus
674 2825 940 2866 Londoniam
968 2839 1103 2880 usque
1133 2823 1186 2864 ad
1212 2823 1441 2879 gardinum
1465 2822 1689 2878 hospitalis
1711 2822 1848 2864 sancti
1871 2822 2038 2879 Egidii:

2063 831 2079 853 Ο

2065 1170 2104 1191 10

2065 1518 2100 1547 Ι5

2062 1865 2103 1887 20

2060 2560 2102 2591 30

499 2901 544 2937 et
566 2895 720 2936 exinde
742 2894 978 2935 secundum
1001 2893 1114 2949 quod
1144 2893 1212 2934 via
1234 2898 1355 2934 extra
1376 2892 1491 2933 idem
1512 2892 1741 2948 gardinum
1764 2892 2039 2947 protenditur
2059 2906 2097 2936 35

499 2980 634 3021 usque
675 2965 730 3006 ad
780 2969 917 3005 metas
963 2963 1206 3004 dividentes
1258 2962 1476 3004 Mersland
1521 2966 1566 3003 et
1615 2961 1859 3017 parochiam
1900 2961 2038 3003 sancti

501 3035 667 3091 Egidii:
700 3040 744 3076 et
775 3035 834 3076 sic
863 3034 1017 3076 exinde
1047 3034 1283 3075 secundum
1312 3032 1566 3074 divisionem
1595 3032 1871 3089 gardinorum
1901 3032 2039 3088 Tholy

499 3112 542 3146 et
581 3105 882 3145 monachorum
923 3102 1450 3145 Westnmnasteriensium
1485 3108 1528 3143 et
1563 3102 1783 3142 hortorum
1818 3116 1952 3157 usque
1983 3101 2037 3142 ad

564 3217 602 3246 11
629 3225 687 3246 sue
704 3215 785 3246 dW.
911 3216 952 3245 22
977 3215 1050 3254 per]
1067 3225 1128 3245 om.
1146 3213 1228 3244 dW.
1349 3214 1389 3245 29
1415 3212 1594 3243 liminibus
1611 3212 1643 3243 d.
1764 3212 1804 3242 32
1829 3210 1885 3251 ab]
1903 3210 1965 3242 sub
1983 3210 2035 3242 W.

497 3266 658 3308 Tyburne
674 3267 753 3298 dW.
903 3268 943 3297 33
968 3266 1091 3297 Tham.
1110 3265 1179 3296 dW
1200 3265 1452 3304 (throughout).
1594 3265 1634 3297 37
1661 3263 1762 3295 Tholi
1778 3262 1860 3294 dW.
