2385 3891
119 1146 186 1178 His
199 1145 296 1177 anni-

119 1199 257 1230 versary
268 1199 275 1226 ;

120 1233 162 1265 cf.
184 1237 190 1250 ‘
204 1233 330 1263 Domes

939 438 1166 487 Thomas
1202 436 1265 484 H
1263 435 1408 497 enley
1844 435 1936 482 127

518 579 623 620 quos
654 570 822 605 sanctos
853 562 977 603 scivit
1010 561 1249 609 monachos,
1281 560 1356 600 hos
1392 573 1560 614 semper
1590 557 1750 606 adivit3

519 639 649 688 atquc
681 632 762 673 sibi
795 632 902 673 tales
935 630 1162 672 monachos
1194 629 1294 671 fecit
1326 628 1540 685 speciales.

519 717 591 743 rex
624 708 668 743 et
699 706 923 757 magnates
955 700 1134 741 laudant
1166 699 1259 755 ejus
1290 698 1518 739 bonitates.

519 786 634 812 nunc
659 771 778 827 jacet
809 770 985 811 orbatus
1016 769 1201 810 Thomas
1233 768 1313 809 sub
1345 781 1554 808 marmore
1587 772 1740 807 tectus.

518 840 587 888 sit,
618 855 774 896 precor,
807 840 969 881 electus
1001 844 1045 880 et
1076 853 1173 879 cum
1205 836 1364 879 sanctis
1400 835 1594 877 sociatus.

519 909 717 952 Octobris
750 910 837 950 fato
868 909 1052 950 decessit
1084 922 1228 949 mense
1260 906 1452 963 grabato,

519 995 631 1022 anno
664 978 837 1020 milleno
870 984 936 1020 ter
966 984 1159 1027 centeno,
1191 976 1276 1017 scio
1307 976 1434 1031 pleno

519 1048 654 1097 corde,
686 1046 1013 1104 quadragesimo
1044 1051 1209 1101 quarto,
1240 1044 1450 1100 sepelitur
1481 1043 1525 1084 111
1558 1043 1655 1084 11110.

491 1135 581 1177 Iste
602 1140 749 1176 autem
772 1132 980 1174 relaxavit
1002 1130 1233 1173 conventui
1258 1130 1296 1171 vi
1320 1144 1461 1185 panes,
1484 1128 1524 1169 iv
1549 1128 1721 1182 lagenas
1743 1125 1944 1167 cervisiae

332 1231 376 1262 d.·
405 1216 448 1247 et
471 1205 513 1246 ix
543 1204 702 1246 fercula
732 1202 950 1258 coquinae,
972 1216 1020 1242 ac
1049 1216 1132 1241 xxx
1167 1199 1334 1254 tignos3
1365 1204 1497 1253 atque
1529 1195 1797 1238 confirmavit
1825 1194 1944 1236 anni-
1971 1211 2006 1232 10

119 1276 142 1307 f.
161 1277 227 1309 6711
248 1276 347 1317 (later
406 1273 638 1316 versarium
667 1270 1003 1329 praedecessoris
1031 1269 1097 1311 sui
1131 1267 1335 1309 Willelmi
1366 1266 1650 1322 Curlyngton,
1673 1270 1722 1306 ut
1751 1270 1873 1319 patet
1902 1263 1945 1304 in

121 1319 241 1361 hand).

405 1343 686 1399 sequentibus
703 1359 709 1383 :

492 1411 718 1455 Universis
749 1417 898 1466 pateat
929 1424 1005 1465 per
1042 1412 1301 1464 praesentes,
1337 1404 1450 1461 quod
1482 1419 1557 1445 nos
1595 1404 1726 1444 frater
1762 1401 1948 1442 Thomas

404 1481 682 1538 permissione
708 1479 855 1521 divina
885 1478 1016 1519 abbas
1046 1474 1293 1517 monasterii
1331 1471 1703 1515 Westmonasterii
1733 1471 1946 1512 Londoni-

406 1551 519 1593 ensis
540 1550 767 1598 dioceseos,
789 1548 844 1589 ad
866 1547 1105 1588 Romanam
1129 1543 1351 1585 ecclesiam
1375 1543 1492 1583 nullo
1514 1541 1655 1583 medio
1676 1540 1948 1597 pertinentis,
1973 1556 2006 1585 ¹5

405 1620 680 1663 attendentes
712 1616 985 1659 affectionem
1015 1613 1259 1656 benivolam
1292 1611 1545 1653 dilectorum
1579 1610 1764 1651 filiorum
1797 1610 1948 1666 prioris

405 1697 449 1732 et
486 1695 723 1731 conventus
751 1686 885 1728 nostri
916 1681 1292 1726 Westmonasterii
1321 1680 1542 1737 praedicti,
1578 1695 1708 1735 quam
1738 1695 1839 1736 erga
1873 1695 1948 1720 nos

405 1766 449 1801 et
490 1758 836 1815 praedecessores
877 1759 1045 1795 nostros
1086 1751 1333 1793 habuerunt
1375 1756 1419 1791 et
1461 1750 1623 1791 habent
1664 1748 1949 1798 indefessanr:

406 1830 682 1884 volentesque
724 1839 996 1868 communem
1032 1820 1396 1864 sustentationem
1429 1819 1643 1860 dictorum
1685 1820 1946 1860 confratrum

406 1905 660 1945 nostrorum,
682 1901 894 1951 quantum
918 1893 962 1934 in
986 1891 1108 1933 nobis
1135 1896 1212 1939 est,
1234 1904 1309 1945 pro
1331 1888 1505 1930 modulo
1526 1895 1697 1929 nostrae
1720 1887 1948 1944 parvitatis
1970 1906 2010 1928 20

406 1967 632 2024 ampliare3
668 1965 839 2007 eosdem
861 1962 1095 2004 confratres
1116 1966 1282 2001 nostros
1304 1959 1357 2000 de
1379 1957 1632 2013 subscriptis
1654 1972 1730 2013 per
1750 1972 1948 2013 praesen-

407 2044 472 2079 tes
497 2036 700 2077 duximus
721 2046 976 2075 exonerare:
1010 2029 1209 2071 videlicet
1230 2028 1283 2069 de
1306 2027 1347 2068 vi
1369 2026 1554 2083 panibus
1582 2026 1950 2075 conventualibus,

408 2106 546 2148 tribus
583 2103 746 2160 lagenis
781 2100 986 2144 cervisiae
1019 2097 1328 2146 conventualis,
1361 2111 1515 2137 novem
1554 2095 1735 2145 ferculis,
1764 2111 1870 2152 quos
1906 2102 1950 2137 et

406 2190 528 2231 quae,
546 2173 747 2230 quotiens
764 2170 878 2227 apud
898 2166 1330 2210 VVestmonasterium
1353 2166 1419 2206 vel
1437 2165 1552 2221 apud
1570 2165 1608 2206 le
1627 2165 1770 2220 Neyte
1789 2180 1949 2205 moram

408 2244 577 2285 trahere
619 2240 901 2296 contingeret,
930 2236 1087 2279 cotidie
1123 2236 1176 2277 de
1218 2234 1371 2276 celario
1412 2240 1457 2275 et
1492 2232 1675 2289 coquina
1714 2239 1950 2275 conventus
1972 2252 2009 2282 ²5

409 2309 781 2354 Westmonasterii
828 2307 1046 2365 percipere
1095 2305 1360 2354 solebamus3
1410 2310 1455 2345 et
1502 2303 1555 2344 de
1596 2318 1681 2343 xxx
1723 2301 1857 2358 tignis
1897 2302 1949 2343 do

406 2397 576 2439 quercu,
599 2395 704 2437 quos
726 2379 968 2421 solebamus
989 2375 1216 2418 annuatim
1247 2373 1466 2431 percipere
1492 2372 1544 2414 de
1566 2372 1692 2413 bosco
1713 2378 1950 2413 conventus

406 2451 540 2494 nostri
583 2451 625 2492 in
676 2448 899 2491 Hendone.
960 2447 1137 2502 insuper
1182 2443 1455 2486 concedimus
1498 2448 1541 2483 et
1584 2456 1661 2497 per
1702 2447 1950 2497 praesentes

405 2521 669 2563 ratificamus
698 2525 743 2560 et
767 2517 1068 2559 confirmamus
1094 2513 1409 2555 ordinationem
1436 2510 1715 2552 anniversarii
1744 2509 1947 2551 Willelmi

405 2591 458 2632 de
481 2591 753 2645 Curlyngton
774 2584 1108 2643 praedecessoris
1130 2583 1263 2624 nostri
1285 2582 1338 2623 de
1361 2597 1386 2622 x
1409 2580 1573 2630 marcis,
1596 2595 1702 2635 quas
1723 2579 1948 2621 annuatim
1969 2596 2010 2627 30

407 2661 459 2702 de
482 2658 673 2701 manerio
695 2661 934 2699 conventus
955 2653 1090 2695 nostri
1112 2652 1164 2694 de
1192 2651 1405 2692 Hendone
1427 2648 1646 2705 percipere
1668 2648 1844 2690 solebat.
1905 2649 1946 2689 in

409 2731 533 2786 cujus
554 2729 615 2770 rei
639 2726 951 2774 testimonium,
969 2730 1019 2765 ut
1037 2724 1141 2764 haec
1156 2727 1302 2762 nostra
1318 2718 1505 2768 donatio,
1522 2718 1748 2767 concessio,
1764 2718 1948 2759 ratifica-

411 2800 471 2842 tio
503 2804 547 2840 et
568 2795 836 2839 confirmatio
863 2798 1099 2850 perpetuae
1128 2789 1349 2832 firmitatis
1378 2788 1507 2829 robur
1528 2786 1736 2836 obtineat,
1758 2786 1948 2842 sigillum

406 2873 604 2925 *nostrum
637 2880 724 2907 una
754 2879 852 2905 cum
884 2862 1025 2918 sigillo
1056 2858 1273 2902 communi
1306 2864 1542 2899 conventus
1574 2855 1708 2897 nostri
1740 2855 1947 2912 praedicti

410 2934 710 2993 praesentibus
745 2931 948 2973 duximus
980 2928 1294 2986 apponendum.
1368 2925 1471 2967 data
1501 2925 1545 2966 in
1582 2924 1772 2980 capitulo
1805 2930 1949 2966 nostro
1969 2942 2008 2973 35

409 3006 525 3063 apud
547 3001 994 3050 Westmonasterium,
1015 3005 1135 3041 sexto
1157 2998 1226 3039 die
1249 2996 1408 3038 mensis
1430 2994 1765 3043 Octobris,anno
1787 2994 1948 3036 domini

409 3075 635 3118 millesimo
666 3071 902 3115 cccxxxiii0.

495 3146 549 3187 In
579 3142 777 3200 originali
805 3142 857 3183 de
886 3155 998 3182 anno
1024 3138 1146 3180 xviii⁰
1174 3137 1287 3194 regis
1314 3134 1511 3177 Edwardi
1541 3133 1600 3183 iii,
1628 3134 1768 3175 rotulo
1797 3140 1868 3174 xv⁰
1897 3149 1948 3175 ss.

475 3233 513 3263 11
531 3232 583 3264 W.
601 3231 641 3262 de
657 3229 764 3262 Curtl.
783 3229 841 3269 Sp.
1097 3225 1140 3256 20
1163 3226 1300 3255 nostrae
1317 3221 1514 3262 parvitatis]
1527 3223 1647 3252 nostro
1663 3218 1875 3260 permittatis
1891 3219 1943 3251 W.

409 3286 450 3318 24
473 3295 534 3318 om.
548 3283 707 3324 quotiens
719 3281 772 3313 W.
876 3279 923 3320 le]
939 3279 973 3310 la
989 3277 1020 3310 d.
1114 3277 1156 3308 30
1180 3275 1220 3307 de
1237 3273 1347 3307 Curtl.
1367 3273 1400 3305 d.
1491 3274 1532 3304 32
1556 3283 1617 3304 οηι.
1635 3274 1674 3303 ut
1690 3270 1741 3302 W.
