2385 3891
80 689 151 720 The
167 686 297 719 church

81 730 246 772 degraded
266 729 340 760 into

81 786 100 807 a
115 774 239 814 temple

81 819 117 850 of
129 817 260 858 Apollo.

81 1873 308 1914 Christianity

81 1917 220 1949 revived
237 1917 280 1957 by

81 1961 283 2001 Augustine.

83 2165 149 2188 ΑΛ).
167 2156 240 2188 604.

676 416 781 466 The
821 416 1191 465 Consecration
1227 416 1291 479 hy
1326 415 1383 464 St
1421 415 1577 463 Peter
1834 416 1894 460 35

359 558 579 599 quousque
594 543 812 584 saeviente
829 558 905 598 per
923 548 1057 584 totam
1074 541 1345 583 Britanniam
1363 540 1617 596 gravissima
1635 537 1893 579 Diocletiani

359 612 629 668 imperatoris
657 613 953 668 persecutione
979 613 1195 667 dejectum
1225 618 1291 653 est
1320 611 1433 652 inter
1458 615 1627 651 caetera
1655 609 1733 649 hoc
1754 607 1896 663 ipsum

360 682 704 726 Christianorum
734 682 1042 730 habitaculum,
1072 697 1119 722 ac
1147 681 1302 722 deinde
1325 680 1456 735 juxta
1488 693 1648 719 morem
1676 677 1896 731 ritumque

358 751 588 808 gentilium
622 751 665 791 in
695 752 919 806 profanum
952 750 1166 806 Apollinis
1198 749 1410 805 templum
1444 747 1649 803 sacrilega
1679 749 1895 802 potestate

359 825 685 862 commutatum.
746 821 889 876 sicque
913 822 1073 862 factum
1096 826 1161 861 est
1185 827 1245 870 ut,
1268 819 1342 860 ubi
1367 818 1485 874 prius
1507 817 1551 858 in
1573 832 1650 858 sua
1666 816 1772 857 deus
1788 815 1895 856 cole·
1918 825 1933 854 5

359 890 487 932 batur
504 891 691 940 ecclesia,
708 890 869 932 ibidem
892 898 1041 946 postea
1057 891 1212 932 fierent
1228 889 1439 930 idolorum
1457 886 1673 934 sacrificia,
1687 892 1732 927 et
1752 885 1897 926 ablata

361 961 565 1002 memoria
587 960 931 1002 Christianorum
954 960 1147 1001 fidelium
1173 965 1304 1015 caput
1330 959 1569 1000 efficeretur
1590 954 1897 997 immolationis

361 1045 510 1086 regum
547 1045 821 1086 paganorum.
894 1029 1078 1071 evolutis
1114 1029 1262 1085 itaque
1298 1029 1378 1070 sub
1410 1028 1489 1069 hac
1521 1032 1781 1082 tempestate
1813 1039 1897 1066 non

360 1099 507 1156 paucis
528 1115 737 1140 annorum
760 1099 992 1149 curriculis,
1010 1098 1084 1140 sed
1107 1104 1151 1140 et
1174 1098 1310 1139 multo
1333 1103 1482 1154 postea
1499 1102 1704 1151 tempore,
1722 1095 1897 1149 langue-

361 1175 506 1210 scente
529 1169 703 1210 demum
730 1169 1037 1210 Britannorum
1066 1167 1150 1209 fide
1179 1173 1224 1209 et
1243 1166 1431 1223 justitia,
1453 1164 1655 1207 convenit
1683 1179 1759 1219 per
1787 1163 1898 1204 vices

362 1238 406 1280 in
442 1239 631 1280 diversas
666 1238 916 1279 Britanniae
948 1244 1092 1294 partes
1123 1237 1368 1278 incredulae
1405 1234 1548 1292 gentis
1583 1234 1822 1289 Anglorum
1855 1238 1899 1273 et

363 1308 581 1350 Saxonum
618 1307 853 1349 multitudo
885 1307 1076 1363 copiosa3
1107 1307 1181 1362 qui
1214 1306 1388 1347 tandem
1422 1304 1556 1346 totius
1588 1303 1754 1344 insulae
1785 1300 1901 1342 nacti

362 1379 600 1420 dominium
635 1378 870 1419 secundum
902 1377 1064 1433 patrias
1096 1377 1212 1432 leges
1246 1376 1291 1417 in
1322 1374 1488 1416 cunctis
1520 1373 1642 1429 regni
1673 1371 1902 1428 provinciis

362 1464 455 1490 aras
487 1455 531 1490 et
560 1449 658 1489 fana
686 1448 768 1488 diis
799 1447 887 1489 suis
916 1447 1101 1502 erigunt,
1131 1451 1175 1487 et
1204 1444 1403 1487 ecclesias
1435 1442 1598 1485 Christi
1630 1442 1901 1490 subvertunt,

363 1517 631 1560 Christianos
653 1516 816 1558 eiciunt
845 1522 889 1557 et
915 1515 1156 1572 paganismi
1185 1515 1351 1556 cultum
1378 1513 1424 1554 in
1453 1527 1599 1554 omnes
1628 1511 1734 1552 fines
1763 1516 1901 1552 terrae

363 1602 464 1628 suae
506 1585 704 1628 dilatant.
784 1585 914 1627 rediit
960 1585 1108 1641 itaque
1157 1583 1316 1625 veteris
1364 1581 1696 1624 abominationis
1742 1580 1901 1636 ubique

363 1655 604 1706 sententia;
635 1671 660 1696 a
687 1670 765 1697 sua
794 1655 995 1696 Britones
1024 1654 1302 1710 expelluntur
1322 1652 1487 1710 patria3
1518 1652 1714 1693 immolat
1736 1650 1902 1691 Dianae

364 1725 596 1776 Londonia‚
637 1724 858 1767 thurificat
903 1723 1096 1780 Apollini
1137 1723 1384 1765 suburbana
1426 1721 1652 1771 Thorneia‚
1695 1726 1739 1761 et
1782 1719 1902 1760 vanis

364 1795 577 1837 erroribus
608 1795 941 1851 circumquaque
973 1794 1151 1835 seducta
1182 1792 1299 1849 regio
1330 1791 1560 1848 paganizat
1591 1790 1801 1831 universa.

452 1866 612 1907 Fuerat
633 1871 782 1907 autem
804 1865 897 1921 ipsa
918 1864 1132 1905 Thorneia
1153 1863 1294 1904 insula
1316 1861 1548 1903 Thamensi
1571 1859 1701 1900 fluvio
1723 1860 1901 1900 circum—
1926 1874 1940 1894 ε

365 1936 478 1986 data,
514 1935 568 1977 ab
609 1935 828 1976 occidente
870 1934 1060 1976 civitatis
1102 1933 1252 1989 posita,
1294 1947 1403 1988 quae
1437 1945 1552 1972 nunc
1592 1929 1720 1985 plaga
1763 1929 1901 1969 West-

368 2005 615 2048 monasterii
651 2010 716 2047 est
747 2004 974 2060 appellata.
1036 2003 1275 2059 Anglorum
1308 2000 1493 2056 denique
1525 1998 1683 2055 populo
1715 1996 1904 2038 tenebris

368 2074 636 2132 ignorantiae
681 2074 847 2115 diutius
899 2079 1123 2115 excaecato
1172 2071 1318 2113 illuxit
1366 2070 1427 2111 sol
1463 2068 1663 2126 justitiae
1705 2067 1904 2108 dominus

367 2145 506 2187 oriens
534 2160 586 2186 ex
614 2144 712 2186 alto.
773 2159 928 2199 nempe
957 2143 1038 2184 sub
1069 2157 1181 2183 anno
1212 2140 1377 2198 gratiae
1409 2137 1720 2181 sexcentesimo
1751 2143 1904 2193 quarto

366 2215 520 2256 beatus
571 2229 681 2270 papa
732 2212 963 2269 Gregorius
1015 2211 1133 2253 misit
1189 2211 1232 2252 in
1286 2208 1557 2250 Britanniam
1614 2221 1783 2248 servum
1835 2205 1905 2246 dei

369 2282 664 2339 Augustinum
710 2282 978 2331 monachum,
1020 2296 1106 2322 una
1153 2295 1251 2322 cum
1299 2278 1394 2320 aliis
1442 2276 1635 2334 ejusdem
1686 2274 1905 2330 religionis

368 2352 469 2393 viris
513 2351 770 2400 clarissimis,
812 2350 979 2392 Mellito
1025 2350 1188 2391 scilicet
1236 2354 1280 2390 et
1321 2348 1450 2389 Justo
1491 2353 1622 2402 atque
1671 2343 1906 2386 Laurentio

368 2420 628 2477 reliquisque
666 2420 824 2462 multis.
887 2419 1045 2475 quibus
1081 2418 1334 2460 orientalem
1372 2415 1493 2472 regni
1535 2416 1719 2471 plagam,
1755 2413 1799 2454 id
1840 2419 1906 2455 est

370 2489 589 2539 Kantiam,
618 2489 820 2545 ingressis
848 2495 892 2530 et
922 2488 1097 2529 verbum
1132 2486 1283 2528 salutis
1314 2495 1514 2526 aeternae
1545 2483 1707 2524 ibidem
1738 2481 1905 2538 praedi-

369 2559 578 2607 cantibus,
615 2573 688 2599 rex
725 2557 815 2613 ipse
853 2556 1024 2597 nomine
1063 2555 1343 2596 Ethelbertus
1378 2553 1518 2609 gratia
1554 2551 1691 2593 sancti
1727 2551 1906 2606 spiritus

370 2626 610 2668 illustratus
652 2641 746 2666 cum
785 2625 942 2680 populo
978 2623 1060 2665 sibi
1101 2623 1286 2671 subdito,
1323 2622 1471 2663 relicto
1509 2636 1606 2661 mox
1643 2619 1906 2675 gentilitatis

371 2708 521 2741 errore,
553 2708 693 2735 sacrae
722 2692 821 2734 fidei
851 2692 1088 2733 doctrinam
1120 2691 1248 2733 simul
1281 2696 1324 2731 et
1355 2688 1561 2744 baptismi
1592 2686 1778 2743 gratiam
1809 2701 1905 2727 con-

90 2771 205 2800 Anew
223 2770 351 2801 church
371 2768 543 2803 secutus
591 2768 656 2804 est
707 2762 950 2803 salutarem.
1041 2760 1195 2802 deinde
1238 2775 1310 2800 rex
1353 2757 1642 2800 Orientalium
1685 2756 1906 2797 Saxonum

90 2812 177 2844 built,
194 2813 236 2852 by

90 2856 129 2888 Κ.
151 2856 281 2893 Sebert,

88 3045 156 3076 and
173 3056 289 3077 conse-

87 3089 203 3120 crated
221 3090 264 3129 by

89 3132 127 3163 St
145 3132 243 3164 Peter
260 3133 296 3164 in

87 3174 146 3206 the
164 3176 274 3215 spirit.

373 2831 590 2881 Sebertus,
618 2831 722 2873 dicti
754 2831 866 2887 regis
901 2829 1144 2872 Ethelberti
1178 2845 1230 2870 ex
1266 2843 1405 2870 sorore
1436 2842 1579 2883 nepos,
1611 2825 1811 2867 similiter
1839 2839 1905 2865 ac-

1922 1177 1960 1198 10

1926 1527 1961 1556 15

1927 2566 1967 2596 30

372 2906 496 2956 cepto
527 2906 698 2942 sanctae
725 2899 1060 2956 regenerationis
1086 2900 1252 2940 lavacro
1283 2897 1440 2953 dejecit
1469 2895 1664 2937 funditus
1693 2892 1906 2950 Apollinis
1926 2907 1965 2937 35

373 2970 583 3026 templum
605 2984 735 3026 prope
765 2969 1030 3010 Londoniam
1058 2968 1102 3009 in
1131 2966 1369 3008 Thornensi
1391 2966 1543 3015 insula,
1566 2970 1616 3006 ut
1641 2964 1806 3005 dictum
1829 2968 1906 3012 est,

370 3039 594 3089 situatum,
611 3044 655 3080 et
676 3038 895 3080 ecclesiam
918 3037 1078 3079 ibidem
1102 3037 1146 3078 in
1164 3037 1320 3077 honore
1342 3034 1459 3076 beati
1478 3034 1595 3075 Petri
1617 3032 1906 3089 apostolorum

370 3107 574 3164 principis
615 3107 768 3148 devote
811 3106 1009 3147 fundavit
1051 3111 1094 3147 et
1136 3104 1388 3152 construxit,
1430 3118 1559 3158 quam
1601 3108 1751 3158 postea
1792 3100 1906 3141 idem

370 3177 565 3218 caelestis
593 3176 779 3232 claviger
806 3175 851 3216 in
879 3175 1033 3231 spiritu
1064 3190 1160 3215 cum
1191 3187 1472 3229 supernorum
1506 3170 1665 3212 civium
1697 3169 1906 3210 comitatu

370 3246 449 3287 deo
470 3253 514 3287 et
536 3245 618 3287 sibi
639 3245 912 3287 consecravit.

1720 3320 1812 3352 3--2
