2385 3891
98 626 162 667 (cr.
179 635 211 666 p.
230 625 295 667 49.)

99 1194 118 1225 9
135 1192 214 1223 Dec.
235 1192 348 1233 (1139)

98 1247 165 1281 †25
182 1246 267 1285 Aug.

99 1289 193 1321 1160.

99 1343 225 1376 Buried
243 1344 277 1374 in

100 1387 201 1419 south
217 1387 363 1420 cloister.

99 1754 154 1785 He
170 1753 293 1793 sought

101 1797 137 1828 in
155 1796 235 1828 vain
253 1796 311 1828 the

101 1840 346 1872 canonization

101 1884 137 1915 of
152 1884 191 1915 St
205 1883 364 1915 Edward.

103 2514 287 2554 Laurenoe,
308 2524 328 2546 a

104 2557 218 2590 divine
234 2557 302 2590 and

103 2601 276 2641 preacher.

874 424 1108 482 Gerease,
1147 423 1416 472 Laureae&
1851 422 1909 466 91

379 551 622 607 gratuletur
643 550 829 599 ecclesia,
851 555 894 590 et
923 549 1024 590 odor
1051 550 1185 589 famae
1210 553 1374 588 vestrae
1397 546 1449 587 ad
1472 561 1548 586 nos
1570 559 1703 600 usque
1726 544 1915 585 redoleat

379 621 698 662 conversatione
727 620 932 676 religiosa.
995 618 1154 674 regalia
1179 632 1347 673 quoque
1377 615 1547 672 gloriosi
1577 614 1687 670 regis
1718 612 1914 654 Edwardi

380 705 489 745 quae
529 690 642 746 apud
684 704 753 730 vos
795 689 1011 730 habentur
1051 687 1237 742 insignia
1278 686 1339 727 ita
1381 686 1424 726 iu
1467 684 1616 726 eodem
1658 681 1916 723 monasterio

380 759 544 800 intacta
593 765 636 800 et
684 758 853 814 integra
899 756 1168 798 decernimus
1212 754 1462 803 conservari,
1504 760 1551 795 ut
1600 752 1707 794 nulli
1755 753 1815 792 fas
1860 750 1916 791 sit

381 827 689 883 cujuscumque
721 825 881 867 ordinis
912 831 988 866 aut
1020 824 1248 880 dignitatis
1281 839 1330 864 ca
1360 822 1598 863 distrahere
1636 822 1701 862 vel
1736 820 1916 861 vendere

380 901 458 937 aut
499 902 620 937 extra
660 895 844 937 eundem
885 909 1050 935 sacrum
1094 893 1231 933 locum
1273 891 1432 946 absque
1474 889 1688 931 communi
1725 887 1916 930 omnium

382 965 561 1006 fratrum
584 980 758 1006 assensu
782 965 825 1005 in
847 964 1013 1019 aliquos
1031 978 1132 1004 usus
1150 975 1385 1018 prorogare.
1438 960 1471 1000 si
1490 960 1586 1015 quis
1607 966 1753 1000 autem
1771 964 1919 999 contra

382 1035 485 1077 haec
514 1042 675 1077 temere
704 1035 848 1076 venire
877 1032 1217 1089 attemptaverit,
1240 1030 1580 1086 indignationem
1609 1028 1918 1084 omnipotentis

381 1104 451 1146 dei
472 1110 516 1146 et
539 1105 762 1146 beatorum
782 1104 898 1145 Petri
916 1109 960 1144 et
976 1102 1098 1143 Pauli
1115 1100 1404 1157 apostolorum
1423 1099 1515 1154 ejus
1538 1099 1738 1140 incurrat.
1779 1112 1917 1139 amen.

381 1174 533 1216 datum
556 1174 771 1223 Laterani,
787 1173 939 1229 quinto
961 1172 1057 1213 idus
1080 1169 1338 1212 Decembris.

470 1243 592 1285 Obiit
609 1249 756 1284 autem
779 1239 1024 1298 praedictus
1045 1240 1177 1281 abbas
1200 1246 1301 1279 xxv⁰
1321 1238 1391 1278 die
1409 1237 1611 1292 Augusti,
1628 1252 1739 1278 anno
1756 1236 1918 1277 domini

383 1313 609 1355 millesimo
632 1314 725 1363 clx⁰,
747 1319 792 1354 et
817 1310 938 1367 regni
961 1310 1073 1366 regis
1101 1309 1277 1351 Henrici
1306 1307 1366 1349 ii‘li
1388 1322 1499 1348 anno
1525 1312 1658 1354 sexto,
1680 1321 1776 1347 cum
1800 1321 1918 1361 prae-

383 1382 534 1424 fuisset
560 1382 699 1423 eidem
726 1383 814 1423 loco
839 1380 964 1422 annis
989 1379 1091 1430 xx¹⁵;
1122 1378 1403 1434 sepultusque
1429 1382 1495 1417 est
1522 1376 1565 1416 in
1591 1374 1769 1416 australi
1798 1382 1920 1430 parte

382 1453 557 1494 claustri
599 1452 679 1493 sub
712 1466 842 1508 parvo
878 1449 1020 1505 lapide
1058 1461 1293 1489 marmoreo
1334 1446 1455 1501 nigro
1491 1444 1544 1485 ad
1582 1444 1711 1500 pedes
1751 1443 1921 1485 abbatis

384 1521 591 1563 Willelmi
614 1521 666 1562 de
690 1521 872 1562 HumeZ.
925 1519 1048 1574 cujus
1071 1517 1157 1558 tale
1180 1522 1245 1557 est
1268 1514 1562 1571 epitaphium:

500 1600 564 1641 De
596 1614 747 1656 regum
778 1612 934 1654 genere
966 1602 1090 1652 pater
1121 1595 1190 1636 hic
1222 1593 1463 1642 Gervasius‚
1495 1607 1602 1641 ecce,

558 1674 768 1711 monstrat
799 1668 1039 1715 defunctus,
1072 1680 1183 1707 mors
1214 1664 1328 1720 rapit
1359 1678 1483 1704 omne
1514 1677 1660 1718 genus.

472 1751 556 1792 Hic
586 1757 733 1793 autem
767 1756 890 1806 pater
920 1749 992 1805 pia
1022 1746 1250 1789 devotione
1280 1745 1399 1786 misit
1431 1744 1665 1786 Osbertum
1698 1743 1750 1785 de
1784 1744 1921 1794 Clara,

384 1821 554 1878 egregie
581 1821 824 1862 litteratum
852 1818 1035 1875 priorem
1065 1815 1258 1872 ejusdem
1288 1814 1378 1863 loci,
1410 1813 1463 1854 ad
1491 1813 1653 1854 curiam
1684 1814 1920 1855 Romanam

385 1905 461 1947 pro
481 1889 802 1932 canonizatione
824 1888 960 1929 sancti
986 1886 1099 1943 regis
1130 1884 1327 1926 Edwardi
1350 1883 1644 1939 impetranda:
1675 1883 1748 1938 qui
1776 1890 1921 1924 tamen

385 1975 410 2001 a
430 1975 542 2016 papa
563 1958 816 2000 Innocentio
838 1957 885 1998 ii⁰
908 1957 985 1998 hoc
1011 1971 1094 1996 non
1125 1952 1327 2001 obtinuit,
1350 1952 1424 1993 sed
1452 1967 1609 1993 vacuus
1638 1952 1691 1993 ad
1719 1953 1921 2009 Angli-am

386 2028 539 2070 rediit:
571 2028 759 2084 profecto
790 2026 937 2068 divina
967 2023 1239 2081 providentia
1270 2023 1347 2063 hoc
1384 2021 1511 2062 aliter
1545 2021 1637 2062 fieri
1669 2022 1923 2078 disponebat

386 2099 469 2140 alio
506 2105 697 2154 tempore
733 2097 816 2138 alio
853 2097 933 2137 sub
974 2101 1155 2151 pastore,
1192 2099 1241 2134 ut
1283 2107 1359 2133 suo
1401 2092 1490 2132 loco
1531 2091 1699 2132 dicetur
1735 2091 1923 2140 inferius,

386 2167 575 2224 capitulo
601 2166 764 2208 scilicet
786 2165 989 2221 proximo.
1051 2162 1165 2204 unde
1194 2160 1438 2217 praedictus
1461 2160 1672 2201 Osbertus
1694 2160 1848 2201 missus
1869 2160 1924 2201 ab

387 2237 543 2279 abbate
576 2235 810 2278 Laurentio
846 2235 1002 2276 iterato
1040 2231 1224 2281 transiit,
1261 2237 1305 2271 et
1346 2244 1501 2285 papam
1540 2229 1834 2271 Alexandrum
1877 2229 1923 2270 iii
1946 2247 1960 2267 2

387 2308 433 2350 in
470 2308 544 2349 illa
585 2306 766 2348 materia
806 2303 1176 2362 promptissimum
1220 2300 1410 2350 invenit3
1443 2305 1486 2340 et
1528 2299 1587 2340 sic
1628 2314 1725 2340 cum
1768 2299 1925 2341 litteris

387 2375 751 2420 testimonialibus
782 2374 958 2416 domum
987 2387 1085 2414 cum
1114 2369 1251 2427 gloria
1280 2375 1323 2410 et
1350 2369 1507 2409 honore
1536 2367 1772 2417 reaccessit‚
1800 2375 1848 2410 ut
1881 2369 1923 2409 in

386 2446 579 2504 proximo
610 2445 799 2502 capitulo
831 2442 986 2485 clarius
1017 2439 1256 2497 apparebit.

474 2517 539 2558 De
572 2513 805 2556 Laurentio
837 2512 1005 2553 abbate.

474 2584 736 2627 Laurentius
757 2582 889 2623 abbas
911 2594 1066 2636 genere
1090 2577 1378 2625 Normannus,
1401 2581 1450 2616 ut
1472 2576 1618 2625 fertur,
1640 2590 1782 2617 sacrae
1807 2576 1924 2617 theo-

388 2655 525 2711 logiae
558 2653 640 2694 fuit
672 2651 892 2708 professor.
971 2647 1039 2688 hic
1070 2646 1229 2687 multos
1261 2651 1305 2686 et
1336 2645 1512 2686 devotos
1544 2644 1680 2685 edidit
1711 2660 1925 2687 sermones

387 2739 462 2780 pro
495 2722 674 2765 diversis
708 2720 809 2762 anni
847 2716 1113 2773 temporibus
1156 2722 1200 2756 et
1237 2720 1481 2755 sanctorum
1520 2713 1842 2763 festivitatibus,
1876 2721 1926 2756 ut

388 2800 496 2850 puta
531 2793 576 2834 in
610 2792 678 2834 Ad
711 2790 880 2832 vincula
911 2786 1048 2829 sancti
1082 2785 1198 2827 Petri
1231 2799 1365 2825 unum
1398 2783 1471 2838 qui
1504 2782 1563 2824 sic
1595 2783 1772 2839 incipit:
1805 2784 1926 2826 Misit

392 2863 585 2906 Herodes
606 2877 679 2904 rex
703 2875 854 2902 manus
877 2864 925 2900 ut
948 2857 1158 2913 affligeret
1181 2854 1385 2911 quosdam
1409 2853 1461 2894 de
1489 2853 1674 2895 ecclesia.
1733 2854 1926 2896 Herodes

390 2932 698 2976 hereditarium
739 2927 1008 2972 crudelitatis
1054 2932 1119 2967 est
1160 2938 1343 2974 nomen3
1384 2924 1471 2964 solo
1514 2922 1666 2964 auditu
1710 2923 1924 2965 horrorem

388 3004 603 3059 importat.
666 3006 709 3042 et
741 3000 784 3041 in
818 2997 1056 3040 festivitate
1088 2995 1250 3036 Mariae
1283 2993 1564 3049 Magdalenae
1596 2992 1728 3034 alium
1761 2994 1833 3049 qui
1867 2994 1925 3035 sic

388 3072 566 3128 incipit:
598 3069 787 3112 Intravit
810 3068 946 3109 Maria
968 3067 1012 3108 in
1034 3066 1208 3107 domum
1236 3063 1435 3113 Simonis,
1459 3063 1603 3119 ibique
1629 3078 1672 3104 se
1695 3063 1926 3118 prostravit

452 3209 471 3238 4
497 3204 704 3244 conservari]
720 3204 761 3236 d:
787 3202 959 3235 observari
975 3203 1017 3233 W
1035 3202 1093 3242 Sp.
1112 3201 1230 3232 Faust.
1510 3200 1548 3229 21
1576 3199 1629 3238 ir’]
1648 3199 1723 3238 Sp.:
1750 3199 1854 3230 tercio
1872 3199 1925 3231 W.

388 3263 428 3292 22
453 3257 683 3300 providentia]
699 3256 886 3289 clemencia
903 3256 961 3295 Sp.
1138 3256 1180 3285 33
1205 3253 1256 3284 Ad
1273 3252 1425 3291 vincula]
1444 3252 1518 3291 Sp.:
1545 3250 1716 3282 Cathedra
1733 3251 1785 3282 W.

1943 1183 1980 1203 10

1946 1526 1978 1555 ¹5

1943 1902 1983 1923 ’ΖΟ

1945 2597 1985 2627 30

1947 2943 1984 2972 35
