2385 3891
237 1507 290 1537 He
310 1505 338 1536 is
355 1505 502 1545 deposed

236 1549 281 1589 by
297 1549 355 1580 the
372 1549 490 1589 Pope's

236 1593 355 1632 legate.

239 1645 303 1685 (Cf.
322 1646 435 1675 Flores

523 409 616 455 100
823 404 1003 453 Flete’s
1040 401 1265 464 Historgs
1302 401 1370 465 of
1403 401 1462 448 W
1464 400 1754 449 estminster

522 529 644 570 modo
667 528 991 584 praenominato
1014 525 1178 581 possint
1199 524 1415 566 celebrari.
1476 524 1605 580 hujus
1627 529 1774 564 autem
1798 520 2058 563 auctoritate

521 597 854 641 confirmationis
890 602 934 637 et
970 594 1222 636 caritativae
1258 609 1431 635 assensu
1464 592 1746 635 concessionis
1776 590 1984 633 concessit
2015 596 2059 632 et

522 668 708 710 reddidit
740 674 784 708 et
815 664 1083 708 confirmavit
1112 663 1235 705 nobis
1266 663 1379 704 idem
1414 662 1669 704 venerabilis
1694 668 1818 718 pater
1843 666 1988 702 noster
2015 666 2059 701 et

521 738 652 778 abbas
673 737 727 777 ad
749 735 1006 792 petitionem
1024 739 1067 774 et
1091 733 1360 773 voluntatem
1389 737 1580 772 nostram
1604 730 1842 772 manerium
1865 735 2059 771 nostrum

521 807 572 847 (le
596 806 803 854 Benflete,
824 819 900 860 per
924 803 1089 858 aliquot
1115 816 1248 842 annos
1276 801 1330 842 ab
1361 800 1510 842 eodem
1538 800 1592 841 ad
1620 800 1787 841 firmam
1809 814 2061 855 possessum,

521 890 617 916 cum
632 873 830 915 omnibus
845 870 1132 928 pertinentiis,
1150 869 1537 920 emendationibus,
1554 869 1771 917 instauris,
1788 867 2060 924 possessioni-

522 945 611 994 bus,
633 941 1029 990 consuetudinibus,
1051 946 1095 982 et
1117 940 1317 982 omnibus
1338 940 1466 981 rebus
1493 953 1788 995 quaecumque
1818 937 1978 979 fuerint
2007 936 2060 978 ad

521 1014 634 1055 idem
667 1012 907 1054 manerium
938 1009 1270 1067 pertinentibus.
1331 1015 1382 1051 ut
1411 1015 1558 1051 autem
1590 1009 1693 1050 haec
1724 1006 1990 1049 confirmatio
2017 1012 2061 1048 et

520 1082 733 1124 concessio
756 1081 1005 1122 nullatenus
1026 1095 1051 1120 a
1073 1078 1267 1135 posteris,
1285 1078 1518 1120 abbatibus
1536 1078 1738 1120 videlicet
1751 1092 1826 1119 seu
1849 1076 2061 1133 prioribus

526 1152 591 1193 vcl
613 1151 860 1207 quicunque
881 1149 954 1190 alii
978 1148 1151 1197 fuerint,
1177 1147 1312 1203 possit
1334 1147 1524 1203 infringi,
1546 1162 1640 1188 eam
1663 1145 1921 1188 auctoritate
1942 1145 2060 1186 beati

524 1221 639 1262 Petri
681 1225 725 1261 et
762 1218 953 1260 omnium
992 1222 1237 1258 sanctorum
1272 1223 1316 1257 et
1353 1222 1499 1257 nostra
1534 1216 1846 1264 confirmamus,
1883 1214 2060 1270 ejusque

523 1288 770 1329 infractores
811 1286 855 1327 in
896 1286 1022 1342 pleno
1063 1284 1252 1341 capitulo
1300 1290 1445 1325 nostro
1486 1284 1588 1324 data
1629 1282 1847 1325 sententia
1894 1282 2062 1323 vinculo

523 1356 812 1399 anathematis
852 1355 1120 1403 innodantes,
1162 1354 1292 1410 sigilli
1333 1353 1467 1395 nostri
1509 1353 1778 1410 appositione
1815 1368 1907 1394 eam
1942 1352 2061 1393 robo-

523 1427 721 1468 ravimus

611 1496 756 1551 Hujus
777 1501 923 1536 autem
947 1493 1166 1549 Radulphi
1196 1499 1387 1549 tempore
1415 1492 1498 1534 fuit
1527 1507 1683 1548 magna
1711 1491 1997 1533 controversia
2018 1496 2062 1532 et

522 1564 741 1608 contentio
767 1564 882 1605 inter
910 1563 1050 1619 ipsum
1085 1568 1129 1604 et
1158 1567 1416 1603 conventum
1441 1561 1633 1617 ejusdem
1657 1561 1747 1610 loci,
1766 1566 1815 1602 ut
1833 1566 1981 1616 postea
2001 1560 2062 1601 rei

523 1634 719 1691 probavit
734 1634 923 1682 effectus,
941 1638 990 1674 ut
1013 1632 1058 1672 in
1077 1631 1165 1672 xiv0
1181 1646 1293 1672 anno
1316 1636 1412 1687 post
1430 1630 1684 1672 electionem
1707 1645 1840 1680 suam,
1863 1629 2063 1671 videlicet

236 1690 373 1719 Hist.11
395 1688 500 1729 146f.)
522 1705 590 1746 die
622 1704 742 1746 Jovis
773 1708 870 1759 post
902 1703 1059 1743 festum
1090 1700 1227 1743 sancti
1260 1700 1494 1749 Michaelis,
1527 1700 1764 1741 Nicholaus
1795 1699 2063 1741 Tusculanus

238 2269 278 2298 23
296 2268 375 2298 Jan.
396 2268 490 2298 1214.

240 2479 312 2509 The
330 2489 470 2510 mauors

239 2523 275 2553 of
290 2523 493 2562 Todyngton

239 2566 307 2596 and
326 2567 453 2597 Sonue-

239 2610 324 2649 bury
341 2620 397 2640 are

240 2653 398 2692 assigned
417 2657 452 2683 to

237 2696 322 2727 him.

241 2958 307 2993 †12
324 2958 408 2995 Aug.

243 3000 365 3042 (1223).

241 3043 366 3074 Buried
383 3043 418 3074 in

240 3087 299 3118 the
316 3096 414 3118 nave.

521 1775 744 1831 episcopus
787 1773 956 1829 legatus
997 1771 1159 1813 domini
1200 1785 1337 1827 papae
1381 1770 1424 1810 in
1467 1769 1683 1825 Angliam,
1725 1768 1902 1810 accessit
1947 1769 2063 1825 apud

524 1842 967 1891 Westmonasterium,
1019 1857 1180 1883 moram
1232 1840 1292 1881 ibi
1345 1839 1504 1881 faciens
1554 1854 1630 1895 per
1681 1838 1785 1879 xviii
1836 1839 1938 1888 dies,
1988 1838 2063 1880 ubi

521 1911 775 1966 diligentem
798 1914 1033 1951 tractatum
1064 1907 1218 1949 habuit
1246 1921 1343 1947 cum
1373 1911 1587 1947 conventu
1617 1905 1753 1961 ipsius
1781 1904 1982 1946 ecclesiae
2010 1905 2063 1946 de

521 1979 821 2021 reformatione
845 1977 1147 2034 temporalium
1171 1981 1215 2017 et
1237 1974 1541 2031 spiritualium.
1603 1981 1647 2016 et
1676 1974 1761 2016 cito
1786 1980 1883 2030 post
1904 1974 2061 2016 festum

524 2049 679 2090 natalis
715 2047 877 2090 domini
915 2062 991 2103 per
1026 2046 1192 2087 dictum
1227 2045 1418 2101 legatum
1458 2044 1680 2101 depositus
1717 2051 1782 2086 est
1819 2044 2063 2101 praedictus

523 2119 667 2168 abbas,
696 2134 772 2174 per
797 2117 1057 2158 Nicholaum
1087 2115 1289 2157 abbatem
1319 2115 1371 2156 de
1403 2114 1622 2156 Waltham
1655 2114 1831 2156 missum
1861 2129 1912 2155 ex
1940 2120 2062 2170 parte

524 2187 655 2243 legati
678 2187 731 2229 ad
754 2186 1052 2228 executionem
1074 2184 1355 2240 depositionis
1377 2183 1626 2233 faciendam,
1648 2183 1693 2224 in
1719 2184 1904 2225 crastino
1926 2183 2062 2225 sancti

526 2255 743 2297 Vincentii
768 2257 900 2296 fracto
922 2254 1063 2310 sigillo
1085 2253 1221 2310 ipsius
1246 2253 1291 2294 in
1314 2253 1514 2308 capitulo.
1576 2253 1679 2294 haec
1709 2253 1854 2294 Flores
1876 2253 2061 2295 Histori-

522 2340 655 2367 arum.

612 2395 713 2435 Post
754 2393 1106 2449 degradationem
1153 2407 1252 2434 vero
1302 2407 1423 2434 suam
1468 2392 1737 2448 assignatum
1790 2392 1873 2433 fuit
1922 2392 1961 2434 ei
2008 2392 2061 2433 ad

524 2464 758 2505 terminum
783 2463 896 2504 vitae
922 2478 1024 2504 suae
1048 2462 1287 2503 manerium
1309 2462 1361 2503 dc
1384 2462 1641 2518 Todyngton
1667 2478 1764 2503 cum
1787 2462 2062 2518 pertinentiis

524 2534 576 2575 ob
618 2534 819 2574 honorem
863 2532 1070 2588 pristinae
1111 2532 1352 2588 dignitatiS,
1393 2531 1593 2573 similiter
1640 2538 1684 2573 et
1729 2532 1967 2573 manerium
2010 2532 2061 2573 de

526 2602 792 2658 Sonnebury.
854 2617 963 2658 quae
992 2602 1167 2657 quidem
1191 2601 1381 2642 maneria
1409 2616 1485 2657 per
1512 2601 1779 2657 praedictum
1803 2601 2061 2642 Nicholaum

525 2673 887 2714 Tusculanensem
911 2672 1157 2728 episcopum
1184 2679 1228 2713 et
1250 2671 1450 2713 abbatem
1474 2671 1526 2712 de
1553 2671 1769 2712 Waltham
1799 2671 1936 2712 eidem
1961 2678 2063 2712 sunt

525 2741 754 2797 assignata,
776 2748 820 2782 et
842 2756 918 2796 per
935 2741 1200 2782 Willelmum
1224 2741 1394 2781 Humez
1411 2739 1516 2781 dicti
1540 2739 1759 2796 Radulphi
1781 2755 2062 2782 successorem

525 2811 786 2865 confirmata,
808 2815 1023 2850 reservata
1044 2816 1190 2850 tamen
1213 2809 1351 2850 eidem
1372 2808 1587 2850 Willelmo
1609 2809 1839 2850 donatione
1862 2809 2062 2851 ecclesiae

525 2880 577 2921 de
600 2880 865 2934 Sonnebury.

613 2948 736 2990 Obiit
758 2954 904 2988 autem
928 2947 1004 2988 xii⁰
1024 2947 1094 2988 die
1116 2947 1274 2988 mensis
1297 2947 1487 3003 Augusti
1496 2961 1504 2996 3
1527 2953 1571 2988 et
1593 2948 1789 3003 sepultus
1811 2954 1875 2989 est
1897 2947 1941 2989 in
1964 2948 2061 2989 navi

527 3018 738 3060 ccclesiae.
799 3018 921 3073 cujus
942 3017 1112 3058 animae
1133 3017 1395 3073 propitietur
1415 3017 1532 3058 deus.
1593 3032 1729 3059 amen.

591 3151 610 3181 3
634 3160 695 3181 om.
713 3152 747 3180 et
764 3151 798 3180 20
814 3149 867 3180 W.
972 3151 991 3181 5
1015 3149 1181 3180 Bemflete
1197 3148 1249 3180 W.
1363 3150 1403 3181 19
1426 3149 1608 3188 episcopus
1625 3148 1774 3190 legatus]
1787 3149 1858 3188 F1.;
1882 3149 2015 3189 legatus
2032 3153 2066 3181 et

526 3201 706 3241 episcopus
721 3200 763 3231 W
779 3213 787 3236 ς
811 3200 992 3241 episcopus
1010 3199 1068 3241 Sp.
1240 3200 1279 3232 19
1303 3200 1540 3240 accessitJ÷et
1558 3200 1615 3241 Sp.
1792 3201 1835 3232 20
1858 3211 1917 3233 om.
1938 3200 1986 3232 ibi
2005 3201 2063 3241 Sp.

527 3254 568 3284 28
592 3263 652 3285 om.
673 3262 753 3283 vero
769 3252 823 3284 W.
913 3253 965 3291 34,
986 3253 1026 3284 35
1051 3254 1223 3284 reservata
1234 3257 1309 3293 post
1328 3252 1531 3293 Sonnebury
1546 3252 1600 3284 W.
1702 3254 1743 3284 34
1768 3251 1993 3284 donationem
2010 3253 2063 3286 W.

2085 1164 2122 1185 10

2085 1854 2124 1874 20

2084 2200 2122 2230 25

2084 2547 2124 2576 30

2084 2893 2122 2923 35
