2385 3891
85 672 149 709 (Cf.
168 682 200 712 p.
219 671 285 713 34.)

84 747 149 789 (Cf.
168 757 200 787 p.
219 747 284 788 36.)

83 1297 146 1339 (Cf.
164 1307 198 1337 p.
217 1298 283 1339 43.)

79 1648 108 1678 A
123 1648 277 1679 mention

79 1692 116 1722 of
129 1692 187 1722 the
204 1691 279 1723 first

78 1735 213 1766 monks.

81 1778 146 1819 (Of.
163 1788 220 1819 pp.
239 1780 280 1809 43
294 1779 330 1820 f.)

79 2754 150 2785 The
166 2754 304 2786 earliest

78 2797 184 2829 rulers
201 2808 285 2829 were

79 2840 287 2874 home-bred.

641 410 746 459 lee
781 410 1088 475 begyimewe‘ugss
1124 412 1188 474 of
1215 412 1298 459 tlte
1334 411 1641 474 Menas-tems
1842 413 1902 460 77

369 534 526 590 dejecit
559 534 754 576 funditus
782 534 889 576 illud
919 535 1132 590 Apollinis
1162 536 1386 591 templum,
1416 541 1460 576 et
1489 534 1649 576 ibidem
1684 534 1903 575 ecclesiam

369 603 412 644 in
434 603 550 645 beati
575 604 691 645 Petri
714 605 870 645 honore
896 604 1049 645 devote
1077 604 1312 654 fabricavit,
1336 611 1383 646 ut
1405 619 1534 659 supra
1555 604 1744 660 capitulo
1768 603 1904 659 primo

369 674 453 715 fere
485 689 561 729 per
590 679 756 723 totum;
793 680 837 715 et
869 674 1030 715 ibidem
1068 674 1294 715 monachos
1327 673 1528 730 primitus
1566 672 1819 721 introduxit,
1857 679 1905 713 ut

367 758 496 799 supra
536 743 726 799 capitulo
762 743 947 785 secundo
988 744 1068 785 sub
1110 744 1175 785 his
1219 743 1357 784 verbis
1389 743 1659 785 continetur:
1698 743 1905 784 Sebertus

365 819 512 854 autem
542 829 614 854 rex
642 813 842 854 Essexiae
871 813 998 854 beato
1026 813 1151 854 Petro
1180 813 1362 854 devotus
1388 813 1515 854 fidem
1545 812 1709 855 Christi
1738 811 1904 868 praedi·
1927 822 1942 851 5

366 888 490 924 cante
527 883 653 924 beato
692 883 857 924 Mellito
893 883 1093 938 suscepit,
1127 883 1170 923 in
1213 882 1465 924 occidentali
1502 889 1624 938 parte
1659 881 1904 923 Londoniae

366 957 487 993 extra
509 967 651 993 muros
668 951 712 992 in
736 952 892 992 honore
914 951 1031 992 beati
1051 951 1167 993 Petri
1186 951 1491 992 monasterium
1510 951 1677 1007 insigne
1697 950 1905 998 fundavit,

368 1021 515 1062 multis
543 1021 650 1062 illud
679 1021 866 1062 donariis
892 1036 1047 1062 ornans
1074 1027 1117 1062 et
1147 1021 1291 1062 ditans
1320 1020 1667 1076 possessionibus.
1731 1026 1904 1061 venerat

364 1096 511 1131 autem
542 1096 727 1146 tempus,
755 1105 839 1146 quo
865 1089 1042 1131 ecclesia
1071 1089 1114 1130 in
1141 1105 1190 1130 eo
1217 1090 1356 1130 fuerat
1384 1089 1632 1138 dedicanda,
1660 1087 1904 1144 paratisque

365 1158 564 1201 omnibus
586 1174 661 1215 pro
684 1158 784 1208 loco,
806 1173 881 1214 pro
907 1163 1111 1213 tempore,
1133 1172 1207 1213 pro
1231 1157 1477 1198 monasterii
1500 1156 1726 1212 dignitate,
1748 1162 1904 1211 agente

366 1229 498 1270 etiam
521 1244 570 1270 ea
591 1234 715 1269 nocte
733 1228 777 1268 in
800 1227 999 1269 tentoriis
1017 1227 1225 1283 episcop0,
1239 1227 1330 1268 dies
1347 1226 1534 1268 crastina
1550 1226 1904 1282 praestolabatur.

453 1299 505 1339 In
531 1297 729 1339 chronica
762 1296 957 1339 Sulcardi
988 1296 1183 1337 monachi
1213 1296 1434 1337 invenitur
1464 1296 1535 1345 sic,
1558 1310 1687 1351 supra
1716 1294 1905 1350 capitulo

367 1367 506 1408 tertio.

453 1436 711 1479 Consecrata
733 1435 864 1476 etiam
889 1439 937 1475 ut
959 1449 1068 1474 nova
1089 1433 1159 1474 dei
1176 1448 1330 1489 sponsa
1346 1448 1506 1474 novum
1524 1447 1680 1473 nomen
1702 1432 1904 1481 obtinuit,

366 1512 575 1560 vetusque
611 1520 768 1546 nomen
802 1504 1012 1559 Thorney,
1044 1502 1087 1544 id
1124 1509 1189 1544 est
1227 1502 1387 1558 Spinae
1424 1501 1566 1543 insula
1606 1501 1764 1551 amisit,
1801 1508 1845 1544 et
1881 1519 1905 1544 a
1949 1518 1964 1546 5

364 1574 555 1616 civitatis
588 1573 676 1615 situ
710 1572 973 1614 occidentale
1008 1571 1316 1613 monasterium
1350 1586 1506 1612 nomen
1543 1571 1719 1627 accepit.

451 1644 516 1685 De
549 1642 767 1684 monachis
795 1641 933 1698 primo
961 1641 1220 1683 introductis
1249 1641 1294 1682 in
1322 1640 1540 1696 praedicto
1573 1641 1831 1682 monasterio
1861 1642 1902 1682 in

365 1714 492 1755 Libro
515 1712 651 1769 Regio
673 1712 782 1753 circa
804 1712 933 1753 finem
955 1710 1084 1767 primi
1106 1710 1204 1752 libri
1227 1710 1286 1751 sic
1308 1710 1515 1752 habetur:

451 1784 591 1825 Nocte
625 1781 907 1839 praecedente
941 1781 1054 1822 diem
1090 1786 1263 1822 sanctae
1297 1780 1580 1822 dedicationis
1614 1781 1784 1822 cuidam
1819 1782 1902 1837 pis-

362 1852 495 1894 catori
518 1852 670 1893 Edrico
692 1850 863 1892 nomine
886 1856 1060 1892 sanctus
1083 1850 1236 1891 Petrus
1257 1864 1478 1906 apparenS,
1500 1855 1544 1891 et
1566 1849 1687 1905 quasi
1710 1851 1902 1892 mercede
1926 1867 1939 1886 2

361 1929 583 1978 compacta
604 1922 648 1963 in
670 1920 868 1962 navicula
889 1935 987 1961 cum
1009 1919 1158 1960 eodem
1180 1919 1391 1975 piscatore
1413 1919 1699 1961 Thamensem
1722 1920 1903 1962 fluvium

363 1993 656 2041 transfretans,
684 1990 922 2046 praefatam
953 1988 1173 2030 basilicam
1204 2004 1299 2030 cum
1334 1988 1584 2030 caelestium
1617 1989 1825 2031 comitatu
1860 1997 1904 2031 et

362 2061 562 2103 laudibus
592 2060 808 2116 angelicis,
845 2058 1019 2100 vidente
1057 2058 1341 2100 tremebundo
1377 2058 1600 2114 piscatore,
1631 2058 1710 2100 deo
1741 2065 1785 2100 et
1822 2059 1902 2100 sibi

362 2129 635 2171 consecravit.
696 2134 740 2170 et
772 2128 904 2169 infra:

451 2199 588 2256 Signa
628 2204 776 2240 autem
813 2196 1095 2238 dedicationis
1137 2197 1241 2238 haec
1282 2201 1417 2237 erant.
1476 2195 1663 2251 parietes
1705 2196 1904 2238 videlicet

360 2269 619 2311 intrinsecus
650 2274 694 2309 et
726 2273 847 2309 extra
879 2266 1051 2316 madidi,
1074 2266 1215 2308 oleum
1248 2272 1291 2308 et
1323 2281 1467 2307 cruces
1498 2265 1543 2306 in
1574 2265 1678 2321 ipsis
1708 2266 1903 2322 cereique

360 2338 695 2388 semicombusti,
727 2337 1009 2393 alphabetum
1048 2342 1280 2392 utrumque
1316 2351 1516 2392 graecum
1557 2342 1600 2377 et
1638 2336 1824 2378 latinum
1859 2337 1901 2377 in

360 2409 468 2450 atrio
490 2407 723 2464 depictum,
745 2421 902 2462 magna
922 2421 1035 2462 aqua
1055 2421 1079 2447 a
1101 2411 1248 2447 sancto
1279 2406 1406 2447 Petro
1432 2405 1662 2447 benedicta
1682 2405 1727 2446 in
1751 2405 1903 2455 medio,

360 2479 494 2519 altare
517 2478 607 2519 oleo
632 2477 866 2533 perfusum,
888 2475 1110 2517 incensum
1137 2474 1182 2515 in
1210 2475 1302 2531 ipso
1330 2474 1457 2516 altari
1487 2490 1616 2530 super
1644 2481 1731 2516 tres
1758 2490 1902 2516 cruces

361 2547 405 2589 in
456 2547 605 2588 eodem
657 2546 846 2601 sculptas
897 2544 1292 2586 semicombustum.
1359 2544 1482 2600 cujus
1532 2544 1746 2600 reliquum
1799 2550 1902 2586 tunc

362 2617 566 2674 temporis
607 2616 723 2658 illius
759 2615 961 2657 ecclesiae
1003 2614 1199 2656 monachi
1243 2614 1410 2656 noviter
1450 2614 1630 2656 adunati
1671 2614 1903 2670 diligenter

361 2687 585 2729 collectum
618 2686 663 2727 in
695 2685 848 2727 scrinio
880 2685 1222 2727 recondiderunt.
1284 2685 1387 2726 haec
1420 2684 1595 2726 ibidem.

448 2757 483 2797 E
501 2757 658 2812 quibus
675 2771 759 2797 non
781 2755 959 2797 alterius
980 2754 1124 2812 gentis
1148 2755 1284 2803 homo,
1302 2754 1376 2796 sed
1398 2754 1533 2810 ipsius
1558 2754 1902 2811 congregationis

361 2826 529 2867 noviter
549 2826 764 2867 adunatae
787 2840 898 2866 unus
919 2823 1367 2881 praesidebat—quod
1389 2839 1414 2864 a
1436 2823 1610 2865 tramite
1634 2823 1830 2865 veritatis
1852 2830 1901 2865 ut

360 2896 485 2937 credo
518 2910 602 2936 non
636 2895 947 2936 recedam—an
973 2894 1119 2943 abbas,
1140 2893 1255 2950 prior
1281 2894 1347 2935 vel
1377 2893 1657 2950 praepositus,
1680 2894 1801 2935 novit
1828 2893 1900 2949 qui
1923 2911 1960 2939 ..²

360 2972 425 3008 est
457 2972 652 3008 scrutans
683 2965 808 3007 corda
840 2971 884 3006 et
915 2979 1037 3006 renes
1070 2964 1159 3020 ipse
1191 2963 1307 3005 deus.
1370 2963 1470 3005 huic
1495 2979 1637 3005 sacrae
1665 2963 1900 3020 scripturae

360 3037 586 3078 concordat
631 3034 887 3077 auctoritas:
940 3033 1204 3083 Constitues‚
1245 3032 1400 3089 inquit,
1441 3047 1541 3074 eum
1587 3048 1731 3088 regem
1773 3048 1900 3088 quem

361 3105 559 3147 dominus
581 3104 759 3160 elegerit
785 3103 837 3145 de
859 3118 1037 3144 numero
1064 3103 1243 3144 fratrum
1268 3107 1439 3143 tuorum
1458 3119 1464 3142 :
1498 3117 1582 3142 non
1605 3101 1719 3143 enim
1742 3101 1902 3157 poteris

428 3237 445 3267 1
470 3235 518 3267 ibi
535 3235 588 3267 W.
745 3236 764 3266 3
789 3245 848 3267 om.
870 3236 908 3266 ut
925 3244 1029 3274 supra
1046 3233 1099 3264 W.
1255 3234 1296 3265 29
1321 3232 1439 3264 altaris
1455 3232 1541 3264 DW.
1696 3234 1736 3264 31
1763 3232 1901 3264 ecclesie

361 3286 455 3319 illius
472 3287 525 3320 W.
749 3286 790 3318 34
814 3285 1000 3325 adunatae]
1016 3284 1154 3316 admitti
1172 3284 1257 3315 DW.

1929 1172 1966 1192 10

1926 2212 1963 2242 25

1923 2564 1963 2593 ,ΞΟ
