2385 3891
498 432 562 478 92
798 427 981 477 Flete's
1016 425 1241 488 History
1278 424 1343 488 of
1381 423 1725 473 Westminster

497 554 550 595 ad
572 554 702 609 pedes
724 551 896 594 domini.
957 551 1009 591 de
1036 549 1173 590 Maria
1202 549 1460 605 Magdalena
1488 548 1580 604 ipsa
1610 546 1893 589 subveniente
1921 546 2033 587 locu-

498 629 621 663 turus
650 620 875 662 verborum
901 617 1019 659 beati
1042 616 1238 673 Gregorii
1260 616 1486 658 immemor
1513 631 1604 657 esse
1633 630 1810 671 nequeo,
1831 614 1903 671 qui
1930 614 2034 655 dum

497 691 549 731 de
586 689 734 731 eadem
768 701 1006 729 sermonem
1048 685 1299 726 institueret
1335 685 1380 726 in
1421 684 1592 726 exordio
1628 684 1750 733 dixit,
1786 683 1899 739 quod
1936 683 2035 723 flere

499 759 635 815 magis
668 758 822 799 liberet
854 771 983 812 quam
1018 754 1183 809 aliquid
1216 754 1368 803 dicere,
1398 760 1475 795 etc.

216 833 268 863 He
286 831 430 862 benefits
586 829 638 869 In
660 826 810 869 multis
832 824 1031 866 ecclesiae
1059 824 1191 865 etiam
1217 823 1390 879 profuit,
1412 828 1456 864 et
1477 822 1664 879 gratiam
1690 837 1828 863 coram
1857 820 2037 862 Matilde
2059 842 2076 871 5

216 877 273 906 the
290 874 429 913 church,
499 896 769 953 imperatrice
799 901 902 936 tunc
935 893 1173 950 Anglorum
1206 892 1379 934 domina
1400 892 1578 942 invenit,
1601 899 1645 933 et
1671 907 1696 932 a
1721 906 1819 948 rege
1851 890 2037 932 Henrico

499 965 684 1007 secundo
710 964 901 1020 ejusdem
929 961 1214 1018 imperatricis
1239 961 1339 1011 filio,
1362 967 1513 1016 utpote
1540 960 1584 1001 in
1614 960 1881 1016 reparatione
1910 959 2037 1001 offici-

499 1050 651 1076 narum
674 1032 918 1075 monasterii
945 1038 988 1074 et
1009 1031 1307 1089 plumbatione
1330 1047 1489 1081 earum,
1511 1046 1620 1086 quae
1642 1031 1760 1087 prius
1782 1046 1857 1087 pro
1880 1030 2038 1086 majore

499 1111 621 1161 parte
654 1103 902 1145 combustae
932 1107 1055 1143 erant
1086 1107 1130 1143 et
1164 1101 1371 1142 ruinosae.
1433 1101 1540 1141 item
1574 1100 1843 1156 recuperavit
1877 1115 2038 1156 posses-

499 1173 638 1215 siones
663 1179 707 1214 et
738 1171 927 1213 maneria
955 1171 1156 1213 ecclesiae
1184 1169 1658 1211 Westmonasteriensis
1689 1169 1734 1210 in
1762 1169 2040 1211 comitatibus
2063 1186 2101 1207 10

502 1242 793 1285 Gloucestriae
822 1247 866 1282 et
896 1240 1154 1297 VVygorniae
1189 1246 1233 1281 et
1262 1239 1465 1288 Oxoniae,
1491 1254 1600 1294 quae
1631 1239 1834 1280 violentia
1862 1239 2040 1280 Roberti

500 1311 684 1353 consulis
726 1309 1018 1352 Gloucestriae
1060 1318 1104 1350 et
1150 1308 1335 1350 maxime
1378 1307 1714 1349 consiliariorum
1753 1324 1927 1349 suorum
1969 1308 2039 1349 de-

217 1386 285 1418 and
303 1385 439 1436 ottqins
501 1388 665 1423 structa
690 1381 876 1422 fuerunt.
929 1379 998 1420 hic
1023 1384 1170 1420 autem
1201 1377 1393 1419 obtinuit
1418 1377 1556 1433 primo
1577 1377 1852 1433 privilegium
1881 1377 1933 1418 de
1960 1392 2040 1418 usu

217 1430 455 1504 ζῗῖῃῖἷζξιξέἓ
501 1451 654 1492 mitrae
687 1457 730 1492 et
762 1449 879 1490 anuli
911 1464 958 1490 ac
990 1454 1278 1490 cerotecarum
1312 1463 1337 1488 a
1369 1461 1482 1503 papa
1510 1447 1754 1488 Alexandro
1784 1447 1850 1488 iii⁰
1884 1446 1964 1488 sibi
1998 1453 2042 1488 et

219 1517 305 1553 ring.
501 1520 814 1563 successoribus
846 1519 944 1561 suis.
2066 1531 2100 1561 ¹5

218 1604 438 1635 Trans-lation
589 1590 734 1644 Hujus
775 1595 920 1630 autem
965 1594 1157 1643 tempore
1199 1587 1434 1629 translatus
1475 1591 1541 1627 est
1582 1592 1756 1627 sanctus
1798 1585 2044 1635 Edwardus,

217 1649 254 1679 of
270 1649 307 1679 St
326 1647 482 1679 Edward.
501 1665 630 1716 prout
671 1660 856 1700 habetur
896 1657 1076 1714 sparsim
1119 1657 1164 1697 in
1205 1656 1390 1712 Speculo
1432 1655 1583 1711 Regali
1624 1655 1676 1696 de
1717 1655 1852 1711 gestis
1893 1670 2043 1710 regum

503 1727 699 1784 Angliae‚
730 1727 838 1768 libro
870 1726 930 1767 iv⁰
961 1725 1150 1782 capitulo
1182 1726 1223 1775 1⁰,
1256 1730 1307 1766 ut
1339 1724 1558 1780 sequitur:

218 1806 268 1855 Cf.
286 1805 359 1836 Βία.
592 1797 868 1839 Praesidente
891 1795 1030 1837 eidem
1055 1795 1257 1837 ecclesiae
1276 1793 1508 1836 venerabili
1527 1793 1616 1834 viro
1637 1793 1793 1835 abbate
1815 1793 2045 1849 praedicto,

219 1849 428 1933 ξξὲἒεξξξθ
504 1884 599 1910 cum
623 1883 700 1924 per
720 1867 789 1908 dei
812 1866 1107 1908 visitationem
1133 1865 1282 1906 multis
1304 1864 1452 1906 eadem
1480 1863 1632 1905 domus
1654 1863 1824 1904 floreret
1844 1863 1978 1913 bonis,
2000 1868 2044 1904 et
2065 1878 2106 1899 20

220 1938 264 1977 (P-
283 1937 371 1978 319).
504 1938 715 1979 luminoso
744 1942 917 1978 sanctae
946 1933 1282 1976 conversationis
1312 1934 1473 1974 fervore
1502 1932 1769 1974 intuentium
1799 1932 1962 1974 animos
1991 1932 2044 1973 ad

503 2006 828 2063 glorificandum
857 2005 985 2046 deum
1013 2004 1278 2053 accenderet,
1301 2003 1435 2044 exivit
1465 2003 1563 2044 talis
1589 2017 1727 2044 sermo
1753 2001 1867 2043 inter
1895 2002 2045 2043 fratres

502 2091 668 2117 necnon
691 2081 734 2117 et
756 2074 877 2131 regni
900 2088 1093 2130 proceres
1119 2073 1171 2114 de
1198 2072 1382 2128 glorioso
1408 2087 1508 2128 rege
1532 2071 1767 2113 Edwardo:
1810 2071 2045 2127 Usquequo

502 2145 713 2186 celabitur
736 2144 782 2185 in
810 2149 922 2184 terra
946 2142 1138 2183 defossus
1165 2142 1394 2183 thesaurus
1416 2147 1560 2182 noster
1580 2139 1794 2196 pretiosus
1815 2143 1828 2181 ,ἲ
1890 2156 2044 2195 usque-

504 2230 587 2270 quo
613 2214 768 2255 merita
794 2212 911 2254 beati
940 2211 1018 2252 viri
1047 2216 1171 2252 tanta
1200 2217 1376 2265 tamque
1403 2210 1619 2266 praeclara
1643 2209 1894 2251 abscondita
1919 2216 2045 2251 erunt
2066 2222 2105 2252 25

504 2301 529 2326 a
550 2284 718 2326 saeculo
741 2287 752 2324 ,ἲ
813 2282 916 2338 quid
942 2281 1043 2322 facit
1066 2287 1154 2322 tam
1181 2281 1348 2321 fervens
1370 2279 1414 2320 in
1438 2295 1536 2320 eum
1558 2279 1728 2321 abbatis
1750 2278 1885 2320 nostri
1907 2279 2047 2334 pietas

504 2361 635 2410 atque
677 2351 879 2394 devotio?
940 2350 1044 2406 quid
1087 2349 1190 2390 facit
1228 2364 1300 2390 rex
1347 2355 1492 2390 noster
1528 2347 1744 2389 Henricus
1786 2362 1917 2403 nepos
1955 2349 2048 2404 ejus

506 2436 804 2477 successorque
831 2426 874 2461 et
904 2420 1026 2460 heres
1056 2418 1100 2459 in
1127 2421 1293 2473 regno?
1353 2424 1543 2473 tuncque
1580 2423 1812 2473 coeperunt
1845 2417 2046 2459 abbatem

506 2491 775 2548 praedictum
813 2504 960 2531 omnes
997 2503 1084 2530 una
1116 2503 1227 2537 voce,
1259 2487 1350 2544 pari
1390 2494 1487 2528 voto
1524 2486 1803 2542 concordique
1840 2487 2049 2528 desiderio

506 2560 736 2618 deprecari,
761 2566 811 2601 ut
844 2574 989 2601 curam
1019 2564 1201 2614 gereret,
1226 2572 1280 2599 ne
1309 2557 1471 2599 mundo
1497 2557 1680 2598 ulterius
1712 2563 1797 2598 tam
1836 2557 2050 2613 praeclara
2070 2573 2111 2604 30

508 2632 680 2672 lucerna
715 2629 1060 2671 absconderetur.
1122 2627 1265 2668 dictus
1297 2627 1430 2668 abbas
1458 2642 1554 2668 cum
1589 2626 1650 2667 rei
1682 2627 1812 2682 hujus
1848 2627 2048 2668 effectum

508 2700 735 2756 praecipue
769 2699 821 2740 de
855 2698 967 2754 regis
1001 2696 1179 2738 consilio
1213 2702 1258 2738 et
1293 2696 1517 2737 voluntate
1555 2695 1741 2751 pendere
1777 2696 2051 2752 conspiceret,

507 2770 562 2811 ad
584 2785 683 2811 eum
705 2769 749 2810 in
769 2767 1065 2809 transmarinis
1083 2766 1281 2822 partibus
1298 2772 1501 2822 agentem
1518 2765 1602 2806 iter
1616 2765 1811 2821 arripuit,
1828 2766 2051 2822 negotium

508 2855 635 2882 suum
653 2837 792 2879 eidem
809 2836 1026 2893 patefecit.
1080 2851 1178 2876 mox
1195 2835 1343 2876 divina
1357 2835 1596 2891 inspirante
1609 2835 1761 2891 gratia,
1776 2835 1892 2891 regio
1910 2836 2050 2877 favore

510 2909 724 2963 simulque
760 2905 935 2947 consilio
973 2904 1027 2945 ad
1065 2904 1210 2945 sedem
1247 2904 1524 2959 apostolicam
1563 2904 1796 2946 Osbertum
1835 2904 1887 2945 de
1925 2904 2051 2947 Clara
2071 2917 2109 2946 35

510 2978 694 3035 priorem
717 2976 905 3030 aliosque
928 2974 980 3015 de
1003 2973 1091 3015 suis
1118 2972 1322 3014 fratribus
1347 2972 1605 3014 destinavit:
1638 2972 1712 3014 ubi
1735 2973 1921 3023 tandem,
1944 2973 2051 3015 libro

578 3109 594 3140 1
620 3106 821 3147 Magdalene
845 3106 885 3137 W
905 3106 962 3146 Sp.
1163 3106 1181 3136 2
1205 3116 1265 3137 om.
1284 3104 1464 3136 verborum
1481 3104 1535 3137 W.
1757 3105 1796 3135 14
1821 3104 1915 3136 mitri
1933 3105 1974 3135 W
1992 3105 2051 3146 Sp.

511 3160 756 3198 cerotecarum]
775 3159 851 3199 Sp.:
877 3161 1134 3197 ceterorumque
1150 3157 1202 3189 W.
1367 3159 1408 3188 33
1433 3158 1605 3198 agentem]
1621 3160 1769 3189 correxi:
1793 3167 1898 3197 agens
1914 3157 1955 3188 W
1974 3158 2052 3198 Sp.:

513 3211 738 3253 qni...agebat
756 3211 842 3241 Circ.
934 3212 974 3242 36
999 3210 1144 3249 aliisque
1161 3209 1202 3240 W
1220 3210 1277 3250 Sp.
1297 3211 1375 3250 [non
1395 3211 1490 3241 habet
1509 3209 1694 3240 osbertum
1711 3209 1752 3240 de
1769 3209 1869 3240 Clara
1887 3209 2050 3249 aliosque,

510 3266 567 3296 scd
585 3269 713 3294 tantum
731 3262 864 3301 aliquos
882 3262 996 3301 Circ.].
