2385 3891
679 402 784 450 The
823 403 1191 452 Consecration
1228 404 1292 464 hys
1327 403 1383 451 St
1423 403 1576 450 Peter
1832 404 1894 448 39

360 526 559 581 praedam
595 528 831 576 exercebat,
864 528 1082 584 transponi
1116 544 1159 569 se
1191 529 1244 569 ad
1279 528 1393 568 illam
1433 526 1652 568 ecclesiam
1690 525 1895 581 promissa

362 595 553 636 mercede
570 596 774 651 postulat,
792 598 1095 653 expositusque
1115 597 1363 653 praestolari
1381 612 1424 638 se
1441 596 1570 652 jubet
1586 596 1719 636 donec
1737 595 1893 636 redeat.

361 664 526 706 interea
554 672 699 715 nauta,
728 666 830 707 dum
862 673 1073 722 expectat,
1095 667 1197 708 dum
1232 666 1404 722 stupide
1433 672 1477 707 et
1507 665 1672 721 trepide
1700 680 1809 720 quac
1838 664 1895 706 sit

359 733 432 775 illa
462 740 549 775 tam
579 734 751 790 ignotae
779 751 982 791 personae
1010 737 1210 791 majestas
1236 751 1321 777 non
1351 736 1528 777 mortale
1557 735 1722 791 spirans
1750 750 1894 776 secum

361 810 547 859 reputat,
583 805 855 861 conspicatur
892 812 1068 862 repente
1106 812 1243 847 totam
1281 806 1501 847 ecclesiam
1539 804 1734 861 supernis
1769 804 1893 845 lumi-
1915 812 1932 841 5

360 873 535 915 naribus
576 874 874 925 flammescere,
908 877 1161 932 populosum
1205 876 1529 917 candidatorum
1566 876 1740 916 chorum
1782 890 1895 916 nunc

361 941 479 983 intus
511 957 623 984 nunc
653 943 751 985 foris
783 944 1004 985 ecclesiam
1037 960 1134 986 cum
1166 945 1370 1000 angelicis
1401 944 1678 986 concentibus
1709 945 1894 986 ambire:

361 1011 484 1052 audit
507 1017 551 1052 et
580 1011 796 1053 insuetam
828 1013 1080 1054 mortalibus
1110 1014 1305 1055 caelestis
1333 1014 1593 1055 suavitatem
1623 1014 1895 1063 harmoniae3

361 1085 629 1136 poteratque,
680 1081 713 1122 si
764 1082 883 1137 prius
932 1082 1210 1132 interfuisset,
1259 1083 1568 1124 ecclesiasticae
1614 1082 1894 1124 dedicationis

362 1165 522 1192 morem
567 1151 841 1206 perpendere.
929 1152 1003 1193 sed
1048 1167 1149 1208 prae
1198 1153 1351 1194 timore
1403 1158 1550 1194 tantae
1602 1152 1776 1193 visionis
1825 1152 1894 1193 vix
1920 1168 1957 1189 10

359 1225 529 1275 poterat
559 1219 730 1275 spirare.

80 1290 152 1340 {Phe
168 1289 298 1330 apostle
450 1289 609 1330 Exacto
640 1289 813 1331 tandem
843 1290 958 1330 omni
988 1296 1254 1332 sacramento
1281 1290 1563 1331 dedicationis
1591 1290 1678 1331 dux
1707 1289 1897 1331 sidereus

79 1332 317 1408 {izsggmmtgnt'he
361 1358 513 1400 ducem
545 1374 671 1400 suum
707 1360 877 1415 repetit,
906 1360 1202 1402 exanimatum
1234 1375 1389 1416 pavore
1418 1359 1750 1401 clementissime
1779 1359 1898 1409 lenit,

363 1434 498 1483 utque
520 1428 572 1469 de
602 1434 691 1469 tam
721 1428 954 1469 salutiferis
983 1428 1199 1484 mysteriis
1221 1444 1330 1484 quae
1361 1429 1470 1470 vidit
1498 1428 1683 1484 amplius
1712 1428 1897 1470 confidat

362 1497 550 1540 instruit.
611 1513 707 1539 cum
740 1513 840 1553 ergo
868 1498 1129 1553 remigantes
1157 1498 1363 1553 superiori
1393 1498 1509 1554 ripae
1538 1497 1898 1554 approximarent,
1922 1514 1958 1544 15

363 1582 557 1608 summus
578 1567 796 1623 apostolus
817 1573 1124 1623 percunctatur
1153 1567 1370 1609 hominem
1392 1583 1446 1608 an
1475 1567 1639 1623 aliquid
1661 1567 1754 1623 ipsa
1775 1574 1898 1608 nocte

367 1636 572 1692 cepisset:
602 1637 675 1678 illo
696 1652 867 1693 prorsus
894 1642 1092 1693 negante,
1116 1637 1256 1687 Nunc>
1278 1637 1432 1693 inquit,
1448 1638 1543 1693 jace
1565 1643 1670 1686 rete,
1691 1643 1736 1679 et
1759 1636 1900 1693 capies

365 1706 645 1748 abundanter.
706 1707 862 1763 paruit,
895 1713 938 1748 et
970 1707 1173 1748 continuo
1205 1708 1381 1763 plenum
1419 1713 1510 1749 rete
1547 1708 1691 1749 traxit.
1753 1722 1900 1749 omnes

367 1782 490 1818 erant
511 1792 647 1833 paene
676 1777 868 1832 ejusdem
891 1778 1059 1833 generis
1080 1778 1228 1833 pisces,
1250 1784 1422 1834 praeter
1449 1793 1585 1820 unum
1618 1778 1749 1819 mirae
1779 1793 1899 1819 enor-

366 1844 531 1886 mitatis
573 1845 761 1887 esicium.
834 1846 974 1895 Hunc,
1016 1845 1158 1902 inquit
1198 1847 1427 1902 apostolus,
1468 1846 1704 1887 maximum
1741 1846 1899 1902 piscem
1920 1859 1962 1880 20

366 1920 613 1970 representa
662 1929 785 1955 mane
836 1915 1003 1956 Mellito
1053 1915 1248 1971 pontifici
1297 1930 1349 1956 ex
1389 1921 1535 1957 nostra
1576 1915 1901 1956 benedictione:

366 1983 524 2025 caeteri
557 1999 704 2026 omnes
737 1984 825 2026 sint
859 1985 1065 2026 mercedis
1099 1991 1142 2026 et
1179 1985 1356 2026 ditionis
1393 1991 1505 2027 tuae.
1567 1986 1697 2041 hujus
1732 1985 1902 2041 generis

367 2053 488 2109 copia
508 2053 747 2096 abundabis
769 2054 813 2095 in
837 2054 927 2095 vita
948 2060 1035 2104 tua,
1058 2060 1102 2096 et
1125 2055 1250 2111 longo
1274 2060 1464 2111 tempore
1487 2061 1582 2111 post
1605 2060 1648 2096 te
1677 2055 1902 2111 progenies

368 2127 469 2164 tua:
502 2128 648 2164 tamen
679 2138 732 2164 ne
764 2123 917 2179 piscari
946 2124 1061 2165 ultra
1091 2124 1288 2165 audeatis
1320 2124 1365 2165 in
1396 2124 1646 2165 celebritate
1678 2123 1902 2165 dominica.

368 2192 435 2233 dic
471 2192 604 2233 etiam
641 2192 837 2248 episcopo
879 2208 975 2234 cum
1019 2199 1163 2234 nostro
1206 2208 1394 2242 munere,
1436 2208 1489 2234 ne
1531 2193 1753 2234 ecclesiam
1795 2192 1903 2234 mihi
1923 2208 1962 2239 25

367 2269 563 2319 paratam
592 2262 800 2304 sollicitus
825 2262 881 2304 sit
910 2262 1130 2304 dedicare:
1168 2263 1269 2318 quia
1301 2263 1409 2304 hanc
1440 2277 1518 2318 ego
1552 2262 1674 2303 modo
1710 2262 1904 2304 dedicavi

369 2347 444 2388 per
476 2347 555 2382 me,
586 2332 697 2373 sicut
728 2331 889 2388 apertis
920 2332 1089 2373 indiciis
1124 2332 1284 2388 poterit
1321 2332 1476 2382 videre,
1508 2347 1769 2388 quamquam
1802 2333 1905 2374 haec

363 2403 456 2457 jam
477 2401 731 2457 compererit
752 2416 803 2442 ex
826 2416 921 2442 mea
941 2401 1212 2443 revelatione.
1270 2407 1442 2442 tantum
1465 2401 1578 2457 quod
1600 2407 1734 2442 restat
1756 2401 1906 2443 missas

370 2469 651 2511 dedicationis
682 2471 839 2525 populo
871 2471 1036 2511 confluo
1066 2476 1256 2526 peragat,
1286 2477 1329 2512 et
1361 2471 1675 2512 absolutionem
1704 2477 1748 2512 et
1777 2472 1904 2512 bene-

370 2539 601 2581 dictionem
624 2554 719 2579 mea
740 2538 830 2579 vice
860 2539 1092 2594 impendat.
1155 2555 1202 2580 ac
1230 2555 1284 2581 ne
1313 2540 1417 2595 quid
1445 2540 1619 2581 dubites
1647 2540 1699 2581 de
1731 2546 1904 2581 auctore
1925 2559 1965 2589 30

373 2608 575 2657 mandati,
597 2623 675 2662 ego
697 2623 791 2649 sum
816 2609 967 2649 Petrus
995 2609 1212 2663 apostolus
1240 2610 1344 2650 Jesu
1376 2609 1539 2651 Christi
1567 2609 1730 2650 domini
1759 2609 1906 2658 nostri,

372 2677 445 2733 qui
468 2678 570 2718 haec
593 2677 740 2732 loquor
761 2677 841 2718 tibi
864 2683 908 2718 et
930 2677 1084 2718 mando
1107 2677 1156 2718 ei.

91 2756 162 2788 The
178 2756 301 2797 bishop
460 2746 523 2788 Ut
553 2761 651 2802 ergo
681 2746 751 2787 ille
780 2746 923 2787 omnia
945 2747 1035 2787 visa
1056 2753 1099 2788 et
1133 2747 1283 2788 audita
1305 2762 1429 2787 mane
1459 2747 1655 2802 episcopo
1676 2747 1840 2797 retulit,
1862 2754 1906 2789 et

90 2800 254 2881 ἓὲἶζᾞθ
372 2815 601 2871 apostolico
624 2830 798 2855 munere
821 2815 865 2855 in
894 2815 1007 2870 pisce
1036 2815 1229 2856 mirando
1258 2816 1386 2857 fidem
1416 2815 1516 2857 fecit
1532 2830 1540 2866 3
1572 2816 1640 2856 hic
1668 2816 1840 2857 nomine
1862 2823 1906 2858 et

91 2886 336 2918 consecration.
373 2885 534 2940 pietate
577 2884 770 2925 Mellitus
811 2884 983 2925 domino
1024 2885 1219 2940 protinus
1261 2885 1305 2926 in
1346 2885 1472 2927 beato
1514 2886 1794 2941 suffragatore
1830 2901 1906 2927 suo
1926 2904 1965 2935 35

375 2955 499 2996 Petro
521 2953 756 3009 gratiarum
780 2954 894 2994 favos
911 2954 1216 3009 gratiosissime
1235 2954 1514 2996 mellificavit:
1543 2955 1763 2996 ecclesiam
1781 2955 1907 2997 alatis

372 3023 554 3081 pedibus
586 3023 778 3065 caritatis
807 3023 986 3080 irrupit:
1022 3024 1139 3066 videt
1168 3030 1303 3066 totam
1331 3024 1566 3080 jordanicis
1598 3025 1772 3066 fluentis
1803 3025 1906 3081 bap-

441 3139 480 3168 12
505 3137 612 3168 dedic.
632 3147 776 3168 sacram.
796 3138 896 3169 Gose.
1047 3140 1087 3170 16
1111 3142 1330 3179 percuntaret
1347 3139 1432 3171 DW.
1582 3141 1621 3171 18
1638 3140 1786 3171 extraxit
1804 3140 1902 3173 Gosc.

376 3192 415 3222 19
439 3200 500 3221 om.
518 3199 625 3230 paene
642 3189 742 3221 Gosc.
1022 3191 1063 3221 24
1088 3194 1226 3222 tantum
1244 3191 1345 3222 Gosc.
1555 3192 1646 3223 ultra
1662 3192 1786 3233 piscari
1805 3192 1905 3224 Gosc.

375 3243 416 3273 32
439 3242 485 3282 ei]
501 3241 566 3272 sibi
585 3241 684 3272 Gosc.
904 3242 945 3273 36
969 3242 1162 3281 gratissime
1180 3243 1280 3274 Gosc.
