2385 3891
220 545 382 577 Rebuked
399 545 441 585 by

219 590 388 620 Innocent
406 589 451 619 II.

221 633 272 663 Cf.
291 633 411 664 Faust.

221 678 248 706 A
266 676 302 706 iii
321 676 344 707 f.
364 677 436 707 159.

234 2465 284 2497 Cf.
308 2465 464 2495 ‘Domes-

233 2509 313 2549 day'
332 2508 354 2539 f.
374 2509 403 2538 1.

505 414 568 460 90
804 410 988 461 Flete’s
1022 410 1247 474 History
1285 410 1350 473 of
1386 408 1734 458 Westminster

593 535 717 576 Hanc
761 541 908 576 autem
959 534 1186 583 miseriam,
1227 533 1358 574 immo
1404 532 1546 574 verius
1592 531 1670 573 loci
1718 529 1927 587 praedicti
1972 529 2043 569 de-

505 604 798 652 structionem,
830 603 1110 644 Innocentius
1143 601 1355 644 secundus
1387 608 1559 644 sanctae
1592 601 1810 641 Romanae
1844 597 2045 640 ecclesiae

505 674 709 730 pontifex
732 688 783 714 ex
806 672 1000 727 injuncto
1022 672 1103 714 sibi
1126 672 1261 713 officio
1283 671 1460 728 cupiens
1482 673 1721 721 reformare,
1742 669 1861 711 misit
1881 668 2045 709 bullam

506 743 817 785 mandatoriam
834 742 1052 799 praedicto
1074 742 1222 784 abbati
1240 748 1284 784 et
1306 742 1498 798 ejusdem
1522 741 1598 783 loci
1623 739 1854 783 conventui
1876 738 1920 779 in
1943 737 2046 778 haec

509 813 657 854 verba:
2067 823 2083 852 5

593 881 872 923 Innocentius
913 882 1147 938 episcopus,
1179 896 1326 923 servus
1362 897 1577 923 servorum
1621 881 1702 930 dei,
1739 881 1907 922 dilectis
1947 881 2047 922 filiis

507 952 710 994 Gervasio
761 952 909 993 abbati
956 958 1000 993 et
1052 951 1255 993 fratribus
1306 952 1497 993 coenobii
1549 951 1685 993 sancti
1738 951 1855 993 Petri
1907 951 2046 993 West-

508 1022 854 1064 monasteriensis
895 1023 1079 1064 salutem
1123 1029 1166 1064 et
1202 1023 1477 1079 apostolicam
1519 1022 1875 1064 benedictionem.
1937 1021 2048 1063 sicut

507 1092 762 1147 disponente
793 1091 967 1133 domino
1003 1092 1047 1132 in
1084 1091 1340 1148 apostolicae
1371 1091 1484 1133 sedis
1520 1091 1655 1133 officio
1686 1098 1859 1133 sanctae
1890 1090 2047 1147 praesi-

507 1161 659 1202 demus
681 1160 894 1210 ecclesiae,
912 1161 975 1202 ita
994 1161 1144 1202 eodem
1162 1166 1334 1202 auctore
1358 1160 1689 1202 necessitatibus
1711 1165 1955 1201 sanctorum
1978 1159 2050 1215 pia
2073 1171 2110 1192 10

507 1231 714 1272 debemus
749 1230 1037 1272 sollicitudine
1078 1230 1311 1285 providere.
1381 1231 1595 1286 perfectae
1633 1244 1817 1285 namque
1858 1228 2050 1270 caritatis

508 1300 668 1341 bonum
707 1305 771 1341 est
808 1299 922 1341 inter
963 1299 1222 1340 dissidentes
1258 1314 1405 1355 pacem
1443 1314 1695 1355 componere
1738 1304 1781 1339 et
1818 1298 1931 1339 inter
1966 1297 2049 1338 dis-

509 1370 732 1411 cordantes
763 1369 1029 1410 concordiam
1061 1370 1316 1420 reformare3
1358 1374 1407 1410 ut
1438 1368 1799 1425 quemadmodum
1832 1374 1975 1424 patres
2006 1367 2050 1408 in

510 1439 579 1480 dei
620 1439 778 1495 populo
822 1438 1016 1489 dicimur,
1053 1438 1115 1479 ita
1161 1453 1251 1480 esse
1296 1438 1432 1480 bonae
1482 1437 1741 1494 operationis
1786 1435 2052 1493 experientia

511 1508 845 1564 comprobemur.
900 1507 1012 1548 unde
1035 1507 1128 1557 tibi,
1150 1507 1306 1549 dilecte
1329 1507 1373 1548 in
1395 1507 1567 1548 domino
1589 1506 1661 1556 fili,
1684 1506 1886 1548 Ger-vasie
1908 1506 2051 1555 abbas,
2076 1523 2110 1552 ¹5

511 1577 770 1619 auctoritate
806 1577 1039 1633 apostolica
1076 1577 1318 1618 mandando
1354 1577 1641 1633 praecipimus
1672 1583 1717 1618 et
1752 1575 2052 1632 praecipiendo

512 1646 776 1694 mandamus,
815 1652 865 1687 ut
906 1646 958 1687 ad
1001 1646 1363 1687 murmurationes
1404 1646 1742 1701 compescendas,
1777 1651 1820 1687 et
1861 1645 1915 1686 ad
1956 1659 2052 1686 con-

511 1716 760 1758 tumeliosas
802 1716 1026 1758 monastici
1068 1716 1228 1757 ordinis
1270 1715 1561 1772 reprimendas
1603 1715 1793 1772 injurias,
1834 1721 1969 1756 terras
2009 1719 2054 1755 et

513 1786 707 1827 redditus
729 1786 773 1826 in
796 1801 949 1826 manus
971 1787 1151 1827 fratrum
1176 1792 1350 1828 tuorum
1369 1784 1841 1827 westmonasteriensis
1862 1783 2054 1825 coenobii

515 1856 818 1897 monachorum
840 1856 1028 1905 colloces,
1051 1862 1095 1897 et
1116 1871 1193 1912 per
1213 1855 1390 1897 consilia
1411 1871 1557 1897 eorum
1580 1861 1670 1896 tam
1693 1854 1904 1896 exteriora
1924 1868 2053 1909 quam
2075 1868 2116 1889 το

514 1925 718 1966 interiora
747 1925 859 1966 bona
890 1925 1135 1981 dispenses:
1171 1925 1369 1967 ecclesias
1402 1940 1499 1966 vero
1531 1931 1575 1966 et
1606 1923 1792 1966 decimas
1824 1938 1932 1980 quae
1964 1923 2056 1964 sine

514 2010 720 2036 consensu
744 1995 924 2036 fratrum
948 1994 1058 2035 male
1084 1994 1315 2036 distractae
1344 2000 1446 2036 sunt
1475 1994 1731 2050 recolligere,
1754 2000 1798 2035 et
1820 1992 2055 2035 secundum

514 2064 818 2120 professionem
846 2080 871 2105 a
900 2071 943 2105 te
974 2066 1130 2105 factam
1165 2063 1365 2105 canonice
1394 2070 1541 2119 satage
1570 2063 1761 2119 dispersa
1789 2077 2056 2118 congregare.

515 2135 722 2191 professos
762 2139 910 2175 autem
952 2133 1154 2175 ecclesiae
1202 2133 1281 2174 tibi
1323 2139 1617 2189 cooperatores
1658 2139 1702 2175 et
1743 2132 2058 2175 cohabitatores

516 2203 684 2252 efficias,
725 2209 769 2244 et
820 2208 1045 2244 extraneos
1098 2202 1326 2243 monachos
1376 2218 1401 2243 a
1451 2202 1625 2243 consilio
1677 2209 1752 2243 tuo
1801 2208 1844 2243 et
1895 2207 2058 2242 secreta
2078 2224 2116 2254 25

517 2272 810 2313 familiaritate
833 2273 1024 2328 repellas.
1087 2272 1318 2313 militarem
1342 2278 1564 2328 praeterea
1589 2288 1765 2314 manum
1789 2278 1832 2313 et
1854 2271 2057 2313 laicorum

517 2348 776 2383 conventum
813 2343 960 2398 procul
997 2357 1022 2383 a
1063 2341 1277 2383 limitibus
1314 2342 1575 2384 monasticae
1611 2358 1754 2383 arceas
1795 2341 2058 2397 disciplinae,

518 2412 619 2468 quia
647 2412 860 2468 injustum
889 2418 934 2453 et
963 2412 1165 2453 indecens
1194 2418 1260 2453 est
1288 2412 1480 2453 ordinem
1512 2427 1679 2453 sacrum
1712 2410 2060 2453 extraordinariis

519 2483 732 2524 erroribus
763 2483 994 2539 subjacere.
1056 2483 1233 2524 libertas
1269 2482 1383 2524 enim
1417 2483 1548 2524 Sarae
1579 2482 1624 2523 in
1656 2482 1911 2523 servitutem
1943 2481 2061 2536 Agar

519 2567 603 2593 non
639 2552 770 2593 debet
805 2551 1077 2608 pertransire.
1138 2566 1363 2608 personam
1401 2567 1497 2593 vero
1532 2557 1651 2593 tuam
1687 2551 1856 2593 abbatis
1887 2550 2059 2591 nomine
2081 2568 2121 2599 30

519 2622 694 2678 dignam
718 2622 781 2663 fac
804 2627 848 2663 et
877 2621 1025 2671 officio,
1047 2627 1097 2663 ut
1126 2621 1171 2662 in
1199 2621 1362 2664 Christi
1390 2627 1647 2678 paupertate
1675 2621 1765 2662 vita
1789 2620 1871 2662 tibi
1894 2620 2060 2676 placeat

521 2690 767 2739 monastica,
804 2697 848 2732 et
889 2706 998 2746 quae
1040 2690 1317 2732 ecclesiastici
1352 2691 1465 2746 juris
1501 2697 1603 2732 sunt
1644 2706 1669 2731 a
1709 2689 1889 2732 seculari
1930 2704 2060 2730 manu

520 2761 694 2817 penitus
723 2760 810 2802 sint
839 2766 1049 2816 exempta.
1112 2760 1157 2801 in
1187 2759 1379 2809 caeteris,
1408 2760 1554 2801 dilecti
1588 2760 1632 2801 in
1662 2759 1835 2802 Christo
1867 2758 1956 2807 filii,
1988 2757 2062 2813 qui

521 2831 565 2871 in
587 2831 778 2886 praefato
800 2830 1059 2871 monasterio
1082 2830 1321 2886 regularem
1340 2829 1542 2871 militiam
1560 2830 1663 2871 estis
1679 2829 1868 2885 professi,
1882 2829 2062 2870 interest

522 2905 572 2941 ut
607 2899 755 2941 abbati
800 2905 939 2940 vestro
975 2898 1221 2940 canonicam
1265 2898 1506 2939 exhibeatis
1547 2898 1850 2948 obedientiam,
1886 2904 1930 2939 et
1971 2897 2062 2952 ipse
2083 2919 2122 2948 35

521 2968 654 3009 abbas
689 2974 829 3009 vester
854 2968 1089 3010 secundum
1125 2967 1317 3009 ordinem
1355 2982 1481 3009 suum
1511 2968 1750 3024 regularem
1785 2967 1828 3008 in
1864 2966 2063 3008 omnibus

524 3037 741 3079 vobiscum
769 3043 917 3078 teneat
948 3036 1238 3093 disciplinam:
1274 3051 1430 3092 vosque
1464 3037 1572 3078 tales
1603 3036 1804 3078 exhibete
1839 3036 1885 3077 in
1915 3041 2064 3077 sancta

522 3106 842 3148 conversatione
888 3105 1093 3155 viventes,
1134 3111 1184 3147 ut
1228 3106 1280 3147 de
1330 3105 1449 3147 vobis
1493 3111 1633 3147 mater
1680 3111 1822 3147 vestra
1869 3105 2063 3146 Romana

590 3199 628 3228 13
653 3197 884 3237 concordiam]
900 3197 1039 3228 Faust.:
1064 3206 1181 3236 pacem
1200 3196 1284 3227 DW.
1515 3197 1554 3226 14
1579 3195 1804 3236 operationis]
1821 3195 1901 3226 here
1917 3195 1946 3225 D
1965 3194 2062 3226 ends.

521 3251 564 3280 28
586 3250 816 3289 sacrum]÷et
833 3248 874 3280 W
892 3248 950 3288 Sp.
1172 3249 1212 3279 34
1237 3247 1550 3288 monaste1·io]÷ad
1568 3248 1610 3279 W
1628 3248 1685 3288 Sp.
