2385 3891
76 3032 311 3066 Modification

76 3076 110 3107 of
124 3075 179 3108 his
195 3078 293 3109 anni-

76 3128 222 3160 versary.

1017 424 1208 474 Walter
1840 430 1902 476 97

369 542 496 585 faciet
517 546 718 600 plenarie,
740 554 866 603 prout
890 549 1002 590 inter
1024 565 1093 590 eos
1115 550 1267 591 melius
1288 551 1447 606 poterit
1468 550 1708 591 convenire:
1731 550 1797 590 cui
1821 550 1902 591 rite

368 610 411 652 in
454 613 693 656 subsidium
737 616 1044 658 meliorationis
1081 624 1124 659 et
1161 619 1457 674 completionis
1493 618 1759 674 generalium
1795 618 1902 659 duos

367 681 522 723 solidos
576 684 630 725 ad
687 685 828 726 minus
881 686 1112 742 impendet.
1175 687 1366 729 inveniet
1418 689 1594 744 insuper
1643 688 1903 744 generaliter

366 751 565 793 omnibus
596 754 1000 808 supervenientibus
1037 756 1290 811 hospitibus,
1321 757 1375 797 ab
1413 757 1514 798 hora
1550 772 1635 812 qua
1667 757 1816 797 tabula
1848 756 1900 797 de

365 820 654 862 anniversario
680 822 723 863 in
755 823 944 879 capitulo
977 824 1086 865 lecta
1118 825 1249 866 fuerit
1281 841 1416 881 usque
1447 833 1543 882 post
1574 826 1898 882 completorium
1921 848 1937 877 5

365 889 574 931 crastinae
589 891 686 939 diei,
703 897 789 933 tam
809 893 850 933 in
870 892 975 933 cibis
993 898 1036 933 et
1053 893 1227 948 potibus
1240 909 1369 949 quam
1385 894 1428 934 in
1447 895 1568 934 faeno
1585 900 1629 935 et
1646 893 1900 949 praebenda,

365 958 507 999 omnia
530 960 717 1014 plenarie
740 963 1000 1013 necessaria,
1032 978 1108 1004 nec
1130 964 1257 1005 alicui
1280 964 1544 1013 adventanti,
1567 964 1754 1019 pedestri
1785 964 1899 1005 vide-

365 1027 465 1069 licet
496 1034 573 1070 aut
602 1030 802 1084 equestri,
831 1031 1062 1087 negabitur
1089 1032 1142 1072 ad
1172 1040 1338 1087 portam
1368 1033 1582 1074 introitus.
1645 1032 1900 1074 monialibus

365 1112 462 1137 vero
483 1098 536 1139 de
559 1098 810 1154 Kylbournc
833 1107 920 1142 tam
945 1101 997 1141 de
1020 1116 1129 1156 pane
1152 1109 1196 1143 et
1219 1102 1317 1143 vino
1338 1118 1467 1158 quam
1489 1103 1541 1143 de
1563 1102 1755 1157 coquina,
1772 1109 1900 1158 prout

362 1166 458 1209 aliis
480 1167 632 1209 diebus
654 1169 706 1210 de
728 1169 929 1210 celer-ario
957 1176 1002 1211 et
1030 1171 1276 1226 coquinario
1298 1172 1516 1227 percipere
1538 1171 1688 1220 solent,
1709 1172 1898 1226 plenarie

362 1237 618 1279 satisfaciet:
650 1254 758 1293 quae
781 1239 954 1294 quidem
984 1239 1190 1280 moniales
1219 1246 1393 1296 propter
1418 1241 1495 1281 hoc
1521 1240 1646 1281 solita
1668 1240 1826 1281 fercula
1847 1241 1900 1282 de

361 1307 606 1362 coquinario
646 1308 921 1364 percipienda
961 1309 1034 1350 illo
1075 1309 1144 1350 die
1186 1310 1434 1351 nullatenus
1475 1309 1692 1350 amittent.
1754 1324 1900 1351 omnes

362 1391 460 1417 vero
502 1376 651 1418 famuli
692 1377 744 1418 de
787 1378 915 1427 curia,
949 1378 1022 1433 qui
1061 1378 1208 1419 vinum
1247 1384 1291 1419 et
1323 1378 1504 1419 flacones
1536 1378 1753 1433 percipere
1784 1378 1899 1420 soliti

360 1450 474 1493 sunt,
497 1451 540 1485 et
572 1451 785 1500 quotquot
814 1461 890 1501 per
917 1447 1086 1488 chartas
1117 1447 1170 1488 de
1201 1447 1354 1487 cel-ario
1383 1446 1573 1487 corrodia
1597 1446 1824 1502 recipiunt,
1845 1447 1899 1488 ab

361 1513 680 1555 eleemosinario
707 1515 784 1556 hac
814 1515 906 1571 ipsa
931 1515 1000 1556 die
1026 1522 1070 1556 et
1099 1530 1184 1556 non
1212 1516 1265 1556 de
1294 1515 1448 1557 celario
1476 1522 1712 1557 conventus
1744 1531 1898 1572 panem

361 1584 661 1624 tantummodo
691 1590 734 1625 et
764 1584 912 1626 vinum
939 1585 1148 1641 recipient
1163 1599 1172 1635 3
1203 1591 1247 1626 et
1274 1600 1405 1626 unam
1420 1584 1638 1626 ..similiter
1663 1585 1897 1641 pitanciam

359 1653 569 1709 recipient
609 1654 664 1695 ab
701 1654 861 1704 eodem,
893 1655 967 1710 qui
1005 1655 1109 1696 alias
1142 1655 1303 1696 habent
1334 1655 1567 1711 pitanciam
1601 1655 1653 1696 de
1686 1656 1897 1697 Benfleth.

359 1738 523 1764 necnon
565 1729 609 1765 et
647 1724 828 1766 trecenti
870 1739 1080 1781 pauperes
1116 1724 1390 1766 refectionem
1424 1724 1517 1780 ipsa
1548 1724 1616 1765 die
1653 1725 1707 1765 ab
1749 1725 1896 1766 eodem

359 1792 590 1848 recipient:
632 1809 813 1849 quorum
855 1794 1039 1850 quilibet
1081 1810 1214 1835 unum
1257 1809 1411 1850 panem
1454 1794 1506 1835 de
1548 1794 1733 1850 pondere
1774 1795 1897 1850 panis

358 1868 594 1903 conventus
611 1863 784 1912 factum,
799 1863 960 1905 scilicet
977 1864 1029 1905 de
1048 1863 1285 1912 mixtilone,
1302 1867 1368 1904 est
1386 1863 1630 1913 habiturus3
1652 1870 1696 1904 et
1713 1864 1896 1919 quilibet
1918 1880 1932 1900 2

359 1945 503 1972 eorum
528 1931 601 1986 qui
626 1932 808 1973 voluerit
830 1948 965 1974 unum
988 1933 1196 1988 potellum
1220 1932 1434 1981 cervisiae,
1456 1938 1501 1973 et
1525 1932 1599 1988 qui
1622 1947 1722 1973 vasa
1742 1933 1795 1973 ad
1819 1933 1896 1974 hoc

359 2015 441 2041 non
476 2000 637 2042 habent
665 2015 741 2056 pro
770 2002 994 2044 voluntate
1022 2002 1237 2058 potabunt
1266 2008 1480 2057 quantum
1509 2017 1680 2044 necesse
1712 2003 1896 2052 habent3

358 2069 432 2124 qui
461 2070 661 2112 similiter
686 2071 910 2127 potagium
934 2071 1169 2120 habebunt,
1191 2077 1321 2126 atque
1348 2071 1432 2112 duo
1455 2071 1613 2112 fercula
1634 2072 1687 2112 de
1716 2072 1896 2127 coquina

358 2145 486 2194 prout
507 2140 592 2181 diei
615 2140 826 2182 convenit.
887 2155 1041 2196 panem
1065 2140 1242 2196 insuper
1262 2147 1306 2182 et
1328 2141 1550 2182 cervisiam
1573 2147 1618 2183 et
1639 2156 1724 2182 nou
1746 2142 1894 2182 vinum

357 2208 409 2248 ad
430 2209 682 2251 mandatum
700 2209 912 2259 inveniet3
934 2225 982 2250 eo
1000 2210 1112 2265 quod
1130 2209 1204 2265 qui
1222 2210 1475 2251 mandatum
1495 2211 1657 2252 habent
1674 2226 1894 2266 nunquam

359 2277 506 2318 vinum
547 2278 801 2328 admittunt,
838 2279 938 2320 licet
975 2279 1156 2320 flacones
1188 2279 1408 2335 recipiant.
1470 2280 1543 2335 qui
1576 2280 1707 2321 etiam
1740 2296 1894 2336 panem

356 2347 598 2389 admixtum
642 2349 822 2390 fratrum
864 2349 917 2390 de
958 2348 1093 2390 officio
1134 2348 1340 2404 coquinae
1381 2349 1662 2391 servientium
1704 2350 1896 2391 invenire

358 2424 543 2467 tenetur,
564 2418 639 2459 sed
660 2433 744 2459 non
766 2417 1000 2459 cervisiam.
1061 2433 1139 2458 nec
1168 2423 1344 2459 tenetur
1371 2418 1593 2459 cervisiam
1626 2419 1817 2460 invenire
1843 2420 1896 2460 ad

357 2493 507 2543 potum
550 2493 786 2529 conventus
826 2493 922 2544 post
959 2502 1168 2543 vesperas,
1204 2487 1287 2528 nisi
1328 2494 1480 2543 sponte
1523 2488 1628 2530 velit
1664 2489 1716 2530 de
1757 2489 1898 2545 gratia

356 2557 542 2612 speciali,
571 2572 648 2598 nec
681 2557 813 2598 etiam
839 2557 982 2613 justas
1003 2557 1251 2598 collationes
1273 2557 1466 2598 invenire
1492 2558 1623 2608 solet,
1655 2558 1728 2599 sed
1751 2559 1894 2614 procul

356 2626 488 2667 dubio
517 2626 779 2682 praesidenti
810 2627 853 2667 in
880 2627 1103 2668 refectorio
1130 2627 1222 2683 ipsa
1242 2627 1311 2668 die
1341 2634 1385 2668 et
1407 2627 1495 2668 suis
1526 2628 1769 2683 hospitibus
1801 2634 1897 2684 post

356 2696 631 2737 refectionem
658 2696 803 2737 vinum
822 2702 953 2752 atque
969 2696 1191 2737 cervisiam
1209 2696 1482 2737 abundanter
1496 2697 1688 2738 invenire
1707 2703 1881 2738 tenetur
1889 2711 1897 2747 3

357 2781 520 2807 necnon
545 2771 589 2806 et
611 2766 835 2807 medonem
859 2766 1089 2807 conventui
1112 2766 1164 2807 ad
1188 2773 1339 2822 potum
1361 2766 1565 2808 caritatis.
1627 2766 1699 2822 qui
1722 2766 1896 2822 quidem

357 2835 706 2877 eleemosinarius
747 2851 830 2876 non
868 2836 1068 2877 convenit
1104 2836 1349 2892 antiquitus
1385 2836 1429 2877 in
1464 2852 1620 2893 magna
1649 2836 1896 2892 quantitate

358 2905 560 2955 braciare,
582 2906 663 2947 nisi
686 2912 839 2962 quater
861 2922 936 2962 per
957 2921 1143 2956 annum3
1175 2906 1249 2948 sed
1271 2906 1516 2962 specialiter
1544 2906 1597 2947 ad
1629 2906 1745 2947 istud
1775 2906 1895 2946 anni-

358 2975 591 3016 versarium
614 2982 790 3017 tenetur
811 2976 893 3017 sibi
915 2976 1140 3017 annuatim
1164 2976 1216 3017 de
1239 2976 1403 3032 optim-a
1425 2975 1646 3031 providere
1669 2975 1857 3016 cervisia.

446 3045 723 3086 Postmodum
755 3052 901 3087 autem
935 3046 1048 3086 facta
1079 3052 1144 3086 est
1175 3045 1433 3086 modificatio
1463 3045 1592 3100 hujus
1618 3044 1895 3086 anniversarii

358 3113 438 3153 sub
465 3113 541 3154 tali
575 3113 730 3154 forma:
764 3113 965 3154 videlicet
997 3113 1110 3168 quod
1141 3112 1335 3168 quolibet
1366 3127 1489 3162 anno,
1522 3112 1564 3153 in
1599 3112 1746 3168 vigilia
1777 3127 1896 3167 prac-

424 3212 443 3242 9
468 3210 682 3241 Kelebourne
698 3209 730 3240 d.
865 3210 905 3240 14
929 3209 1082 3241 corredia
1099 3208 1128 3241 d.
1277 3210 1316 3240 19
1340 3207 1532 3248 percipient
1549 3208 1579 3240 d.
1716 3209 1757 3256 24
1781 3209 1897 3247 prout]

360 3261 551 3293 secundum
568 3260 659 3301 quod
676 3261 707 3293 d.
887 3271 948 3292 om.
967 3263 1001 3291 et
1019 3260 1198 3292 cervisiam
1216 3259 1256 3291 W
1276 3259 1334 3299 Sp.
1510 3258 1551 3289 26
1576 3258 1742 3290 falciones
1758 3258 1810 3290 W.

454 3341 488 3366 R.
508 3341 540 3366 F.
1783 3332 1802 3366 7

1924 1185 1961 1206 0

1916 2225 1954 2255 5

1916 2577 1958 2608 30

1918 2921 1956 2951 35
