2385 3891
240 1040 343 1071 From
360 1049 404 1070 an

239 1083 378 1114 ancient

239 1137 387 1158 sermon.

240 1875 344 1905 From

243 1917 410 1957 Higden's

242 1960 461 2001 Polychroni-

241 2015 305 2036 con
324 2004 394 2045 (lib.
414 2015 444 2044 v,

241 2059 270 2079 c.
288 2048 342 2080 xi:
368 2047 462 2079 Rolls

244 2092 314 2123 Ser.
332 2102 351 2122 v
368 2092 432 2122 424
446 2092 483 2128 f.)

243 2371 320 2402 VII.
356 2370 458 2401 From
476 2380 496 2401 a

243 2414 315 2445 bull
332 2414 369 2445 of
383 2424 470 2454 pope

243 2457 407 2489 Nicholas
423 2458 458 2488 II

245 2499 477 2542 (1058-1061)‚

243 2544 370 2576 recited
387 2544 423 2575 in
441 2544 499 2576 the

244 2588 351 2618 Third
366 2588 508 2619 Charter

243 2631 280 2662 of
296 2631 334 2663 St
350 2631 507 2662 Edward.

524 423 587 468 46
831 419 1014 468 Flete’s
1049 418 1273 482 History
1310 417 1379 481 of
1413 416 1760 466 Westminster

524 545 636 586 scala
657 544 730 585 illa
751 560 827 601 per
848 560 976 600 quam
999 543 1307 585 descendentes
1324 550 1368 584 et
1385 543 1665 585 ascendentes
1687 543 1828 599 angeli
1850 557 1995 598 preces
2017 548 2061 584 et

527 621 624 656 vota
646 615 868 656 hominum
890 614 969 655 deo
990 614 1245 670 praeferant,
1264 619 1307 655 et
1330 614 1517 655 referant
1537 613 1734 669 gratiam.
1796 613 1895 654 inde
1917 628 2060 654 ascen-

524 684 728 725 dentibus
749 684 944 725 reserabo
960 683 1141 738 januam
1159 682 1356 738 paradisi,
1375 688 1424 724 ut
1446 698 1497 724 ex
1520 682 1654 724 officio
1676 682 1790 737 quod
1814 697 1933 724 meus
1955 681 2061 723 mihi

524 752 722 793 dominus
751 768 799 793 ac
830 753 1016 794 salvator
1044 752 1247 808 injunxit,
1269 758 1313 793 et
1342 751 1497 807 ligatos
1525 751 1743 792 absolvam
1772 759 1816 792 et
1844 751 2062 792 absolutos

524 821 765 877 suscipiam,
788 827 832 862 et
863 836 993 877 quam
1023 821 1084 862 eis
1112 821 1319 862 delictum
1349 821 1589 862 obcluserat
1614 820 1865 876 justificatis
1894 825 2061 876 portam
2084 832 2100 861 5

524 890 688 946 patriae
711 890 907 932 caelestis
929 890 1130 946 aperiam,
1153 896 1232 932 etc.

611 1030 725 1072 Item
759 1030 811 1071 de
853 1029 1122 1070 dedicatione
1160 1027 1531 1069 Westmonasterii
1569 1027 1628 1069 sic
1673 1027 1856 1084 legimus
1897 1028 1942 1069 in
1978 1028 2063 1069 fine

524 1100 747 1156 cujusdam
770 1099 975 1141 sermonis
999 1099 1051 1140 de
1074 1104 1220 1140 sancto
1244 1099 1370 1140 Petro
1397 1098 1504 1139 editi
1528 1104 1571 1139 et
1594 1098 1888 1140 vetustissima
1916 1099 2063 1141 littera

527 1169 767 1226 conscripti,
790 1169 912 1225 cujus
935 1169 1021 1210 tale
1044 1176 1109 1210 est
1130 1168 1415 1224 principium:

612 1239 744 1281 Venit
765 1240 793 1281 J
798 1254 894 1281 esus
916 1239 960 1280 in
982 1245 1126 1295 partes
1149 1238 1382 1281 Caesareae
1406 1237 1608 1293 Philippi,
1633 1244 1711 1280 etc.
1773 1244 1816 1280 et
1838 1238 1972 1280 infra:
2086 1249 2125 1270 10

613 1309 724 1351 Cum
757 1309 892 1365 igitur
924 1315 1091 1350 tantam
1125 1308 1282 1350 habeat
1313 1314 1587 1364 potestatem,
1609 1314 1776 1350 tantam
1803 1308 2063 1365 dignitatem

524 1384 669 1419 noster
697 1378 941 1427 advocatus,
962 1377 1219 1419 honoremus
1248 1377 1382 1426 illum,
1411 1392 1605 1418 amemus
1631 1392 1742 1427 eum,
1764 1378 1999 1420 serviamus
2025 1379 2064 1420 ei

526 1446 569 1487 in
602 1446 833 1487 sanctitate
866 1452 910 1488 et
935 1446 1112 1502 justitia
1143 1445 1342 1487 omnibus
1373 1445 1525 1486 diebus
1557 1445 1734 1487 nostris:
1766 1461 1854 1496 nos,
1876 1447 2065 1503 inquam,

525 1530 630 1571 quos
656 1515 860 1571 speciales
889 1515 1113 1570 adoptavit
1135 1515 1179 1555 in
1200 1514 1320 1562 filios,
1343 1530 1448 1569 quos
1477 1514 1520 1554 in
1551 1514 1727 1556 ecclesia
1752 1530 1829 1556 sua
1857 1516 2065 1559 adunavit

526 1600 655 1641 quam
692 1585 906 1640 propriam
945 1585 1077 1640 elegit
1114 1585 1157 1625 in
1189 1585 1333 1634 filiam,
1371 1600 1499 1640 quam
1532 1585 1759 1641 majestate
1797 1587 2064 1641 praesentiae
2089 1600 2124 1630 15

526 1670 627 1696 suae
645 1654 904 1703 nobilitavit,
918 1669 1046 1710 quam
1064 1653 1246 1709 propriis
1265 1654 1462 1695 manibus
1479 1655 1751 1696 consecravit.
1800 1656 2065 1698 celebremus

526 1723 661 1780 igitur
681 1723 834 1765 devote
856 1724 1176 1765 solemnitatem
1200 1723 1326 1773 illius,
1349 1729 1425 1765 etc.

613 1863 727 1904 Item
769 1861 828 1903 sic
870 1861 1054 1902 habetur
1094 1861 1138 1901 in
1180 1861 1379 1902 chronica
1420 1861 1468 1902 R.
1512 1861 1765 1912 Oestrensis,
1807 1862 1896 1904 sive
1940 1863 2063 1920 Poly-

527 1931 767 1973 chronicon.

612 2018 800 2070 Quidam
858 2017 912 2058 ad
970 2017 1299 2073 instigationem
1361 2017 1474 2073 regis
1527 2017 1772 2059 Ethelberti
1823 2019 2064 2061 construxit
2086 2028 2126 2050 20

525 2087 745 2129 ecclesiam
775 2087 901 2128 beato
932 2088 1059 2128 Petro
1088 2087 1132 2128 in
1162 2087 1415 2128 occidentali
1444 2093 1566 2143 parte
1600 2088 1718 2129 urbis
1740 2088 1998 2137 Londoniae,
2020 2088 2065 2129 in

525 2158 614 2198 loco
636 2157 711 2213 qui
734 2157 959 2212 Thorneya
981 2157 1218 2206 dicebatur,
1239 2157 1353 2213 quod
1376 2163 1500 2198 sonat
1522 2157 1755 2213 Spinarum
1778 2157 1929 2208 insula,
1951 2173 2066 2199 nunc

525 2233 672 2268 autem
704 2227 863 2268 dicitur
895 2226 1341 2269 Westmonasterium.

612 2362 866 2418 Capitulum
899 2362 1145 2418 septimum.
1210 2363 1289 2402 Pro
1318 2362 1518 2404 libertate
1541 2368 1585 2404 et
1614 2363 1831 2418 dignitate
1863 2363 2065 2405 ecclesiae

527 2431 1001 2473 Westmonasteriensis
1031 2431 1178 2472 taliter
1206 2431 1250 2471 in
1281 2431 1409 2472 bullis
1440 2446 1706 2473 summorum
1734 2432 1988 2487 pontificum
2021 2438 2065 2474 et
2086 2445 2124 2475 25

527 2502 686 2544 chartis
707 2517 858 2558 regum
888 2501 1072 2556 Angliae
1102 2500 1333 2542 invenitur.
1397 2501 1524 2541 Bulla
1554 2500 1755 2542 Nicholai
1777 2516 1913 2557 papae
1936 2502 2065 2544 missa

527 2578 673 2613 sancto
704 2571 796 2627 regi
827 2570 1048 2620 Edwardo,
1080 2570 1193 2611 sicut
1225 2570 1411 2611 habetur
1441 2570 1486 2611 in
1519 2570 1650 2611 tertia
1681 2571 1830 2612 charta
1871 2571 2064 2627 ejusdem

527 2641 650 2697 regis.

615 2709 850 2751 Nicholaus
882 2708 1117 2764 episcopus,
1149 2723 1296 2749 servus
1328 2723 1547 2750 servorum
1579 2708 1660 2758 dei,
1687 2708 1991 2765 gloriosissimo
2016 2724 2065 2750 ac

528 2779 719 2835 piissimo
760 2778 961 2833 omnique
1003 2778 1160 2819 honore
1202 2778 1468 2833 dignissimO,
1510 2778 1725 2834 spirituali
1766 2794 1935 2835 quoque
1976 2779 2064 2820 filio
2085 2791 2125 2821 30

527 2854 684 2896 nostro,
726 2847 933 2888 Edwardo
975 2847 1215 2902 Anglorum
1266 2847 1369 2902 regi,
1421 2847 1713 2888 visitationem
1763 2848 2064 2898 omnimodam,

528 2917 713 2958 salutem
736 2916 985 2957 mellifluam
1009 2921 1053 2956 et
1069 2915 1412 2956 benedictionem
1428 2915 1715 2971 apostolicam.
1776 2916 2065 2972 omnipotenti

530 2987 610 3027 deo
632 2985 856 3027 referimus
878 2990 1033 3041 grates.
1096 2990 1139 3026 et
1162 2984 1294 3026 infra:

618 3056 844 3096 Praeterea
875 3054 939 3095 illi
971 3054 1059 3095 loco
1091 3069 1219 3109 quem
1251 3054 1331 3096 sub
1362 3054 1535 3095 nomine
1567 3060 1739 3096 sanctae
1770 3054 2064 3110 paenitentiae

529 3124 805 3166 construendi
831 3129 876 3166 et
905 3122 1157 3165 meliorandi
1187 3138 1294 3165 onus
1323 3123 1583 3179 suscepistis,
1615 3124 1817 3180 quoniam
1848 3130 1897 3166 ut
1929 3125 2065 3166 fertur
2085 3142 2123 3173 35

594 3211 613 3241 2
637 3211 810 3250 perferant
829 3209 893 3242 Ail.
916 3210 973 3249 Sp.
1261 3210 1303 3239 20
1327 3209 1490 3249 Quidam]
1508 3209 1581 3248 Quo
1598 3208 1634 3240 in
1652 3211 1804 3249 tempore
1821 3209 1906 3241 civis
1923 3209 2063 3249 quidam

528 3262 781 3293 Londoniensis
799 3262 899 3301 Higd.
1079 3263 1118 3292 35
1145 3260 1413 3292 construendum
1430 3263 1463 3292 et
1480 3260 1732 3292 meliorandum
1749 3270 1837 3292 susc.
1856 3260 2010 3294 Charter.
