2385 3891
209 1873 278 1904 and
295 1873 332 1904 of

209 1916 360 1956 Virgins.

489 420 552 468 72
791 417 974 468 Flete's
1009 415 1234 480 History
1270 416 1336 480 of
1372 414 1722 465 Westmioister

488 542 602 591 tulit,
640 548 683 583 et
719 557 794 598 pro
836 542 1041 582 miraculo
1073 541 1117 581 in
1155 541 1243 581 loco
1277 540 1360 581 isto
1396 539 1601 581 custodiri
1633 538 1778 595 jussit.
1840 535 2026 578 contulit

489 612 621 653 etiam
665 617 840 653 sanctus
887 611 1133 652 Edwardus
1179 610 1385 665 majorem
1431 616 1600 665 partem
1652 608 1838 664 corporis
1889 605 2025 648 sancti

490 681 698 736 Botulphi
731 681 901 722 abbatis
935 696 1033 722 cum
1071 695 1158 722 una
1185 680 1352 721 cuculla
1384 686 1428 720 et
1464 679 1559 720 aliis
1593 678 1787 734 reliquiis
1822 676 2026 733 ejusdem,

489 752 594 792 item
635 756 766 806 caput
807 756 852 792 et
892 766 1037 806 peram
1082 765 1179 791 cum
1223 749 1376 790 baculo
1419 749 1606 790 eburneo
1648 747 1784 790 sancti
1828 744 2027 787 Audoeni

489 821 687 876 episcopi,
710 827 754 861 et
783 820 984 876 reliquias
1014 826 1258 861 sanctorum
1290 819 1446 875 Egidii,
1471 817 1736 874 Hieronymi,
1760 813 2028 864 Ethelwoldi,

489 890 771 939 Erkenwoldi,
808 888 1060 931 Theoderici
1097 896 1141 930 et
1180 888 1415 930 multorum
1452 887 1644 928 aliorum.
1705 902 1778 927 rex
1815 885 2030 926 Hem-icus

487 961 635 1001 tertius
651 959 810 1001 obtulit
827 959 1029 1015 reliquias
1046 958 1183 1000 sancti
1199 957 1422 1007 Leonardi,
1435 957 1659 999 brachium
1677 955 1813 997 sancti
1830 953 2027 996 Silvestri

489 1035 532 1070 et
554 1044 689 1070 unum
712 1029 887 1070 dentem
910 1029 1047 1070 sancti
1069 1028 1310 1069 Athanasii.
1373 1043 1445 1069 rex
1473 1026 1718 1069 Edwardus
1740 1026 1912 1081 primus
1932 1028 2029 1080 post

488 1104 771 1154 conquestum
802 1098 924 1140 dedit
956 1113 1092 1140 unum
1125 1112 1331 1153 magnum
1363 1112 1408 1138 os
1436 1097 1489 1137 de
1517 1096 1626 1137 tibia
1654 1095 1789 1136 sancti
1819 1092 2029 1135 Leonardi

488 1168 682 1218 abbatis,
718 1168 824 1209 item
866 1168 1069 1224 togellam
1112 1167 1343 1208 intinctam
1377 1165 1588 1221 sanguine
1630 1163 1768 1205 sancti
1811 1160 2028 1203 Edmundi

489 1237 677 1292 episcopi
700 1242 744 1278 et
765 1236 1027 1283 confessoris,
1051 1241 1094 1277 et
1117 1235 1339 1276 cultellum
1364 1249 1461 1275 cum
1485 1248 1568 1289 quo
1591 1233 1850 1274 evisceratus
1879 1232 2030 1279 fuerat,

490 1321 576 1348 una
605 1321 702 1347 eum
737 1306 876 1355 mitra,
898 1304 1144 1354 cerothecis,
1167 1303 1338 1360 pectine
1364 1303 1564 1352 eburneo,
1586 1317 1685 1343 cum
1714 1301 1809 1342 aliis
1838 1299 2030 1355 reliquiis

491 1374 695 1430 ejusdem.
742 1374 916 1416 domina
933 1375 1151 1415 Aliavora
1167 1373 1317 1429 regina
1333 1372 1454 1413 dedit
1467 1372 1656 1428 digitum
1675 1371 1811 1413 sancti
1831 1368 2029 1411 Nicholai

492 1444 679 1500 episcopi
720 1450 764 1485 et
806 1444 1065 1492 confessoris,
1099 1458 1196 1484 cum
1238 1442 1334 1483 aliis
1370 1441 1536 1483 ossibus
1573 1448 1616 1483 et
1658 1442 1748 1482 oleo
1789 1441 1842 1482 de
1879 1439 2031 1481 tumba

492 1514 696 1569 ejusdem.
764 1514 891 1569 prior
935 1513 1111 1569 quidam
1153 1513 1290 1553 sancti
1333 1511 1551 1553 Swithuni
1597 1511 1830 1552 Wi'ntoniae
1871 1508 2030 1550 obtulit

486 1583 737 1639 juncturam
771 1582 900 1624 unius
935 1581 1076 1637 digiti,
1104 1596 1202 1622 cum
1239 1581 1369 1622 dente
1401 1586 1445 1622 et
1477 1580 1571 1621 aliis
1609 1579 1801 1635 reliquiis
1838 1577 2029 1634 ejusdem

492 1652 639 1693 sancti.
715 1651 915 1692 dominus
960 1666 1033 1692 rex
1075 1650 1318 1692 Edwardus
1359 1650 1518 1699 tertius,
1555 1649 1631 1690 fios
1673 1649 1808 1690 totius
1850 1646 2032 1688 militiae

493 1721 777 1772 Christianae,
814 1720 975 1762 obtulit
1016 1726 1164 1761 sancto
1207 1719 1414 1761 Edwardo
1460 1724 1591 1775 caput
1639 1718 1756 1759 beati
1807 1715 2032 1758 Benedicti

492 1791 674 1840 abbatis,
696 1790 726 1831 ii
748 1789 953 1831 kalendas
974 1790 1001 1831 J
1006 1789 1096 1839 ulii,
1114 1804 1226 1830 anno
1247 1788 1410 1829 domini
1434 1788 1623 1829 mccclv0.

580 1861 807 1915 Reliquiae
827 1865 1073 1901 sanctarum
1094 1860 1318 1914 viminum.
1379 1858 1572 1900 Sebertus
1594 1872 1666 1898 rex
1689 1856 1809 1898 dedit
1832 1854 2033 1911 reliquias

494 1938 739 1973 sanctarum
777 1931 972 1980 Theclae,
1010 1929 1269 1971 Petronillae
1307 1935 1351 1970 et
1395 1928 1598 1969 Helenae.
1660 1926 1922 1968 Adelstanus
1958 1939 2032 1966 rex

494 2001 698 2058 reliquias
721 1999 917 2049 Batildis,
941 1998 1155 2040 Martinae
1178 2004 1222 2039 et
1244 1998 1437 2038 aliarum.
1498 1997 1750 2038 Ethelredas
1778 2011 1850 2036 rex
1873 1994 2033 2036 obtulit

495 2071 697 2127 reliquias
730 2074 972 2112 sanctarum
1012 2068 1228 2123 virginum
1267 2067 1465 2115 Edithae,
1501 2065 1735 2114 Wilfridae,
1769 2065 2034 2120 Cutburgae,

497 2141 676 2190 Priscae,
727 2138 985 2187 Christinae,
1033 2137 1337 2192 Ethelburgae,
1391 2136 1702 2184 Marcellianae,
1753 2133 2034 2190 AldegundiS,

496 2209 692 2265 Agnetis,
714 2208 883 2255 Dariae,
900 2206 1113 2249 Crizantis
1135 2212 1179 2247 et
1201 2205 1393 2246 aliarum.
1454 2210 1628 2246 sanctus
1649 2203 1893 2245 Edwardus
1914 2201 2034 2243 dedit

496 2284 627 2334 caput
672 2283 844 2319 sanctae
886 2277 1155 2331 Margaretae
1196 2289 1293 2315 cum
1325 2273 1420 2314 aliis
1462 2273 1639 2321 ossibus,
1668 2278 1712 2313 et
1748 2273 1800 2313 de
1843 2271 2034 2313 vestibus

498 2348 691 2404 ejusdem
699 2361 708 2397 3
735 2347 840 2388 item
863 2345 1004 2387 oleum
1026 2345 1078 2386 de
1102 2345 1255 2385 tumba
1276 2349 1448 2384 sanctae
1471 2342 1750 2391 Katherinae,
1768 2348 1812 2383 et
1833 2340 2035 2396 reliquias

498 2423 743 2459 sanctarum
776 2415 973 2464 Ceciliae,
1000 2414 1194 2463 Theclae,
1227 2419 1271 2454 et
1304 2412 1582 2454 medietatem
1615 2411 1743 2453 unius
1774 2410 1907 2452 faucis
1938 2425 2035 2451 cum

499 2486 639 2528 tribus
685 2484 889 2526 dentibus
936 2489 1108 2525 sanctae
1157 2481 1424 2524 Anastasiae.
1498 2482 1656 2522 Emma
1699 2480 1858 2536 regina,
1899 2485 2038 2520 mater

499 2553 637 2595 sancti
683 2551 893 2599 Edwardi‚
934 2549 1056 2592 dedit
1103 2548 1324 2590 camisiam
1374 2553 1547 2589 sanctae
1595 2547 1807 2602 Agathae,
1847 2546 2034 2602 digitum

500 2629 672 2664 sanctae
705 2620 918 2677 Brigidae‚
947 2635 1042 2661 cum
1077 2618 1271 2674 reliquiis
1302 2624 1545 2659 sanctarum
1579 2618 1818 2673 Perpetuae
1850 2622 1894 2657 et
1926 2616 2036 2657 Feli-

500 2691 668 2741 citatis;
699 2690 804 2731 item
826 2695 991 2731 crustas
1013 2689 1066 2730 de
1088 2688 1229 2744 capite
1252 2693 1424 2729 sanctae
1448 2687 1609 2728 Mariae
1633 2686 1909 2742 Egyptiacae,
1931 2685 2036 2726 item

500 2766 669 2817 partem
694 2758 859 2815 capitis,
881 2757 1092 2806 maxillae,
1114 2763 1158 2798 et
1182 2756 1346 2798 brachii
1374 2771 1472 2797 cum
1508 2755 1604 2796 aliis
1639 2755 1832 2811 reliquiis
1866 2760 2037 2796 sanctae

503 2830 708 2871 Helenae.
769 2828 969 2870 Matildis
990 2828 1102 2868 bona
1123 2827 1273 2883 regina
1294 2826 1479 2867 contulit
1501 2840 1701 2881 magnam
1719 2831 1887 2881 partem
1909 2824 2037 2880 capil-

503 2901 640 2941 lorum
672 2914 767 2940 cum
800 2913 886 2940 una
911 2913 1016 2938 zona
1043 2897 1166 2954 nigra
1197 2902 1320 2938 texta
1350 2895 1508 2937 litteris
1537 2895 1688 2944 aureis,
1716 2894 2038 2936 continentibus

502 2968 740 3024 antiphona
765 2967 997 3008 ‘Nesciens
1019 2966 1178 3008 mater'
1206 2971 1250 3007 et
1275 2965 1511 3007 orationem
1535 2969 1542 2984 ‘
1561 2965 1680 3006 Deus
1702 2963 1777 3020 qui
1798 2963 1974 3012 salutis‚'
1995 2968 2039 3004 et

503 3052 599 3078 cum
632 3036 798 3078 duobus
829 3035 969 3077 anulis
1001 3041 1045 3076 et
1082 3034 1239 3090 forcipe
1270 3040 1442 3076 sanctae
1476 3033 1637 3074 Mariae
1670 3032 1962 3088 Magdalenae,
1997 3037 2041 3072 et

505 3122 590 3148 uno
640 3121 731 3148 osse
777 3112 949 3148 sanctae
1001 3105 1248 3148 Christinae
1301 3104 1491 3160 virginis.
1553 3102 1752 3144 dominus
1798 3101 2042 3143 Edward'zis

499 3178 670 3233 primus
690 3182 786 3232 post
812 3182 1095 3231 conquestum
1121 3174 1282 3216 obtulit
1310 3189 1440 3215 unam
1470 3179 1630 3215 costam
1657 3178 1829 3214 sanetae
1856 3171 2041 3214 Ceciliae

1135 3266 1155 3296 3
1179 3275 1238 3296 om.
1260 3264 1338 3296 aliis
1355 3263 1413 3303 Sp.

2049 829 2065 859 5

2052 1177 2090 1198 10

2053 1868 2095 1890 ’ΖΟ

2056 2214 2094 2243 25

2058 2562 2099 2592 30

2060 2909 2098 2939 35
