<?xml version="1.0" encoding="UTF-8"?>
<!DOCTYPE html PUBLIC "-//W3C//DTD XHTML 1.0 Transitional//EN"
    "http://www.w3.org/TR/xhtml1/DTD/xhtml1-transitional.dtd">
<html xmlns="http://www.w3.org/1999/xhtml" xml:lang="en" lang="en">
 <head>
  <title>
</title>
<meta http-equiv="Content-Type" content="text/html;charset=utf-8" />
  <meta name='ocr-system' content='tesseract 3.04.00' />
  <meta name='ocr-capabilities' content='ocr_page ocr_carea ocr_par ocr_line ocrx_word'/>
</head>
<body>
  <div class='ocr_page' id='page_1' title='image "./historyofwestmin00flet_0072.png"; bbox 0 0 2385 3891; ppageno 0'>
   <div class='ocr_carea' id='block_1_1' title="bbox 506 427 1742 491">
    <p class='ocr_par' dir='ltr' id='par_1_1' title="bbox 506 427 1742 491">
     <span class='ocr_line' id='line_1_1' title="bbox 506 427 1742 491; baseline 0.002 -16"><span class='ocrx_word' id='word_1_1' title='bbox 506 430 568 475; x_wconf 87' lang='grc'>60</span> <span class='ocrx_word' id='word_1_2' title='bbox 806 428 993 476; x_wconf 72' lang='lat' dir='ltr'>Flete’s</span> <span class='ocrx_word' id='word_1_3' title='bbox 1028 427 1253 490; x_wconf 70' lang='lat' dir='ltr'>History</span> <span class='ocrx_word' id='word_1_4' title='bbox 1290 427 1356 491; x_wconf 85' lang='lat' dir='ltr'>of</span> <span class='ocrx_word' id='word_1_5' title='bbox 1393 427 1742 477; x_wconf 71' lang='lat' dir='ltr'>Westminster</span> 
     </span>
    </p>
   </div>
   <div class='ocr_carea' id='block_1_2' title="bbox 498 552 2100 1301">
    <p class='ocr_par' dir='ltr' id='par_1_2' title="bbox 498 552 2100 1301">
     <span class='ocr_line' id='line_1_2' title="bbox 503 552 2040 609; baseline 0.001 -16"><span class='ocrx_word' id='word_1_6' title='bbox 503 552 595 594; x_wconf 91' lang='lat' dir='ltr'>fieri</span> <span class='ocrx_word' id='word_1_7' title='bbox 618 560 662 594; x_wconf 91' lang='lat' dir='ltr'>et</span> <span class='ocrx_word' id='word_1_8' title='bbox 685 568 931 594; x_wconf 86' lang='lat' dir='ltr'>communes</span> <span class='ocrx_word' id='word_1_9' title='bbox 954 552 1162 594; x_wconf 86' lang='lat' dir='ltr'>stationes</span> <span class='ocrx_word' id='word_1_10' title='bbox 1179 552 1233 593; x_wconf 82' lang='lat' dir='ltr'>ab</span> <span class='ocrx_word' id='word_1_11' title='bbox 1251 552 1424 602; x_wconf 89' lang='lat' dir='ltr'>eisdem,</span> <span class='ocrx_word' id='word_1_12' title='bbox 1441 568 1494 594; x_wconf 91' lang='lat' dir='ltr'>ne</span> <span class='ocrx_word' id='word_1_13' title='bbox 1511 553 1612 594; x_wconf 93' lang='lat' dir='ltr'>inde</span> <span class='ocrx_word' id='word_1_14' title='bbox 1629 569 1760 609; x_wconf 87' lang='lat' dir='ltr'>prava</span> <span class='ocrx_word' id='word_1_15' title='bbox 1776 554 2040 595; x_wconf 71' lang='lat' dir='ltr'>consuetudo</span> 
     </span>
     <span class='ocr_line' id='line_1_3' title="bbox 503 621 2040 677; baseline 0.001 -15"><span class='ocrx_word' id='word_1_16' title='bbox 503 628 699 677; x_wconf 72' lang='lat' dir='ltr'>surrepat</span> <span class='ocrx_word' id='word_1_17' title='bbox 730 622 971 677; x_wconf 79' lang='lat' dir='ltr'>aliquando,</span> <span class='ocrx_word' id='word_1_18' title='bbox 1003 622 1047 662; x_wconf 93' lang='lat' dir='ltr'>in</span> <span class='ocrx_word' id='word_1_19' title='bbox 1079 621 1229 663; x_wconf 88' lang='lat' dir='ltr'>eodem</span> <span class='ocrx_word' id='word_1_20' title='bbox 1265 623 1483 677; x_wconf 86' lang='lat' dir='ltr'>saepefato</span> <span class='ocrx_word' id='word_1_21' title='bbox 1520 623 1779 663; x_wconf 88' lang='lat' dir='ltr'>monasterio</span> <span class='ocrx_word' id='word_1_22' title='bbox 1813 623 2040 673; x_wconf 81' lang='lat' dir='ltr'>celebrari3</span> 
     </span>
     <span class='ocr_line' id='line_1_4' title="bbox 503 691 2041 747; baseline 0.001 -15"><span class='ocrx_word' id='word_1_23' title='bbox 503 692 688 747; x_wconf 89' lang='lat' dir='ltr'>qualiter</span> <span class='ocrx_word' id='word_1_24' title='bbox 716 692 827 732; x_wconf 92' lang='lat' dir='ltr'>sicut</span> <span class='ocrx_word' id='word_1_25' title='bbox 854 697 919 732; x_wconf 92' lang='lat' dir='ltr'>est</span> <span class='ocrx_word' id='word_1_26' title='bbox 950 691 995 731; x_wconf 92' lang='lat' dir='ltr'>in</span> <span class='ocrx_word' id='word_1_27' title='bbox 1024 691 1116 746; x_wconf 86' lang='lat' dir='ltr'>ejus</span> <span class='ocrx_word' id='word_1_28' title='bbox 1143 691 1392 732; x_wconf 88' lang='lat' dir='ltr'>monasterii</span> <span class='ocrx_word' id='word_1_29' title='bbox 1418 691 1655 747; x_wconf 86' lang='lat' dir='ltr'>privilegiis</span> <span class='ocrx_word' id='word_1_30' title='bbox 1682 692 1969 733; x_wconf 88' lang='lat' dir='ltr'>constitutum</span> <span class='ocrx_word' id='word_1_31' title='bbox 1995 691 2041 732; x_wconf 90' lang='lat' dir='ltr'>in</span> 
     </span>
     <span class='ocr_line' id='line_1_5' title="bbox 502 759 2040 816; baseline 0 -15"><span class='ocrx_word' id='word_1_32' title='bbox 502 760 721 816; x_wconf 89' lang='lat' dir='ltr'>perpetuis</span> <span class='ocrx_word' id='word_1_33' title='bbox 744 760 1010 815; x_wconf 81' lang='lat' dir='ltr'>temporibus</span> <span class='ocrx_word' id='word_1_34' title='bbox 1032 766 1206 801; x_wconf 88' lang='lat' dir='ltr'>maneat</span> <span class='ocrx_word' id='word_1_35' title='bbox 1228 759 1496 802; x_wconf 92' lang='lat' dir='ltr'>inviolatum.</span> <span class='ocrx_word' id='word_1_36' title='bbox 1558 760 1593 801; x_wconf 91' lang='lat' dir='ltr'>si</span> <span class='ocrx_word' id='word_1_37' title='bbox 1616 760 1711 816; x_wconf 89' lang='lat' dir='ltr'>quis</span> <span class='ocrx_word' id='word_1_38' title='bbox 1728 766 1874 802; x_wconf 88' lang='lat' dir='ltr'>autem</span> <span class='ocrx_word' id='word_1_39' title='bbox 1893 767 2040 802; x_wconf 88' lang='lat' dir='ltr'>contra</span> 
     </span>
     <span class='ocr_line' id='line_1_6' title="bbox 502 829 2077 886; baseline 0.001 -16"><span class='ocrx_word' id='word_1_40' title='bbox 502 829 610 870; x_wconf 89' lang='lat' dir='ltr'>hanc</span> <span class='ocrx_word' id='word_1_41' title='bbox 650 829 963 885; x_wconf 76' lang='lat' dir='ltr'>praeceptionis</span> <span class='ocrx_word' id='word_1_42' title='bbox 1000 836 1044 870; x_wconf 90' lang='lat' dir='ltr'>et</span> <span class='ocrx_word' id='word_1_43' title='bbox 1085 829 1356 871; x_wconf 76' lang='lat' dir='ltr'>auctoritatis</span> <span class='ocrx_word' id='word_1_44' title='bbox 1390 836 1559 871; x_wconf 88' lang='lat' dir='ltr'>nostrae</span> <span class='ocrx_word' id='word_1_45' title='bbox 1602 830 1804 886; x_wconf 80' lang='lat' dir='ltr'>paginam</span> <span class='ocrx_word' id='word_1_46' title='bbox 1847 830 2039 880; x_wconf 89' lang='lat' dir='ltr'>senserit,</span> <span class='ocrx_word' id='word_1_47' title='bbox 2061 846 2077 875; x_wconf 87' lang='lat'>5</span> 
     </span>
     <span class='ocr_line' id='line_1_7' title="bbox 501 899 2039 955; baseline 0.001 -16"><span class='ocrx_word' id='word_1_48' title='bbox 501 899 761 954; x_wconf 88' lang='lat' dir='ltr'>quicumque</span> <span class='ocrx_word' id='word_1_49' title='bbox 789 899 861 940; x_wconf 88' lang='lat' dir='ltr'>ille</span> <span class='ocrx_word' id='word_1_50' title='bbox 890 899 1031 948; x_wconf 87' lang='lat' dir='ltr'>fuerit,</span> <span class='ocrx_word' id='word_1_51' title='bbox 1053 899 1362 955; x_wconf 88' lang='lat' dir='ltr'>cujuscumque</span> <span class='ocrx_word' id='word_1_52' title='bbox 1390 899 1577 941; x_wconf 88' lang='lat' dir='ltr'>nominis</span> <span class='ocrx_word' id='word_1_53' title='bbox 1605 907 1649 941; x_wconf 90' lang='lat' dir='ltr'>et</span> <span class='ocrx_word' id='word_1_54' title='bbox 1678 900 1861 950; x_wconf 85' lang='lat' dir='ltr'>honoris,</span> <span class='ocrx_word' id='word_1_55' title='bbox 1882 899 2039 941; x_wconf 87' lang='lat' dir='ltr'>aetatis</span> 
     </span>
     <span class='ocr_line' id='line_1_8' title="bbox 502 968 2039 1026; baseline 0.001 -17"><span class='ocrx_word' id='word_1_56' title='bbox 502 974 545 1009; x_wconf 89' lang='lat' dir='ltr'>et</span> <span class='ocrx_word' id='word_1_57' title='bbox 579 968 820 1024; x_wconf 86' lang='lat' dir='ltr'>potestatis,</span> <span class='ocrx_word' id='word_1_58' title='bbox 857 969 1014 1024; x_wconf 86' lang='lat' dir='ltr'>gradus</span> <span class='ocrx_word' id='word_1_59' title='bbox 1048 975 1092 1010; x_wconf 92' lang='lat' dir='ltr'>et</span> <span class='ocrx_word' id='word_1_60' title='bbox 1129 968 1300 1019; x_wconf 84' lang='lat' dir='ltr'>ordinis,</span> <span class='ocrx_word' id='word_1_61' title='bbox 1323 976 1367 1010; x_wconf 91' lang='lat' dir='ltr'>et</span> <span class='ocrx_word' id='word_1_62' title='bbox 1404 984 1498 1010; x_wconf 90' lang='lat' dir='ltr'>eam</span> <span class='ocrx_word' id='word_1_63' title='bbox 1534 970 1599 1010; x_wconf 89' lang='lat' dir='ltr'>vel</span> <span class='ocrx_word' id='word_1_64' title='bbox 1631 969 1677 1010; x_wconf 89' lang='lat' dir='ltr'>in</span> <span class='ocrx_word' id='word_1_65' title='bbox 1709 985 1864 1026; x_wconf 86' lang='lat' dir='ltr'>magno</span> <span class='ocrx_word' id='word_1_66' title='bbox 1896 970 1962 1010; x_wconf 91' lang='lat' dir='ltr'>vel</span> <span class='ocrx_word' id='word_1_67' title='bbox 1994 969 2039 1010; x_wconf 90' lang='lat' dir='ltr'>in</span> 
     </span>
     <span class='ocr_line' id='line_1_9' title="bbox 502 1037 2038 1095; baseline 0.001 -17"><span class='ocrx_word' id='word_1_68' title='bbox 502 1038 679 1079; x_wconf 90' lang='lat' dir='ltr'>minimo</span> <span class='ocrx_word' id='word_1_69' title='bbox 701 1038 933 1093; x_wconf 86' lang='lat' dir='ltr'>infringere</span> <span class='ocrx_word' id='word_1_70' title='bbox 956 1037 1140 1079; x_wconf 88' lang='lat' dir='ltr'>voluerit</span> <span class='ocrx_word' id='word_1_71' title='bbox 1154 1052 1163 1088; x_wconf 77' lang='lat'><em>3</em></span> <span class='ocrx_word' id='word_1_72' title='bbox 1196 1044 1239 1079; x_wconf 90' lang='lat' dir='ltr'>et</span> <span class='ocrx_word' id='word_1_73' title='bbox 1261 1038 1305 1079; x_wconf 92' lang='lat' dir='ltr'>id</span> <span class='ocrx_word' id='word_1_74' title='bbox 1330 1039 1444 1094; x_wconf 91' lang='lat' dir='ltr'>quod</span> <span class='ocrx_word' id='word_1_75' title='bbox 1473 1039 1593 1095; x_wconf 90' lang='lat' dir='ltr'>cupit</span> <span class='ocrx_word' id='word_1_76' title='bbox 1615 1054 1699 1080; x_wconf 92' lang='lat' dir='ltr'>non</span> <span class='ocrx_word' id='word_1_77' title='bbox 1723 1039 1890 1088; x_wconf 88' lang='lat' dir='ltr'>efficiat,</span> <span class='ocrx_word' id='word_1_78' title='bbox 1912 1045 1956 1080; x_wconf 89' lang='lat' dir='ltr'>et</span> <span class='ocrx_word' id='word_1_79' title='bbox 1984 1038 2038 1079; x_wconf 89' lang='lat' dir='ltr'>ad</span> 
     </span>
     <span class='ocr_line' id='line_1_10' title="bbox 499 1107 2037 1163; baseline 0 -15"><span class='ocrx_word' id='word_1_80' title='bbox 499 1107 711 1148; x_wconf 86' lang='lat' dir='ltr'>aerarium</span> <span class='ocrx_word' id='word_1_81' title='bbox 753 1113 923 1148; x_wconf 90' lang='lat' dir='ltr'>nostrae</span> <span class='ocrx_word' id='word_1_82' title='bbox 964 1107 1115 1148; x_wconf 90' lang='lat' dir='ltr'>domus</span> <span class='ocrx_word' id='word_1_83' title='bbox 1157 1107 1382 1148; x_wconf 88' lang='lat' dir='ltr'>duodecim</span> <span class='ocrx_word' id='word_1_84' title='bbox 1419 1107 1548 1149; x_wconf 89' lang='lat' dir='ltr'>libras</span> <span class='ocrx_word' id='word_1_85' title='bbox 1582 1123 1633 1148; x_wconf 85' lang='lat' dir='ltr'>ex</span> <span class='ocrx_word' id='word_1_86' title='bbox 1670 1123 1773 1149; x_wconf 90' lang='lat' dir='ltr'>auro</span> <span class='ocrx_word' id='word_1_87' title='bbox 1808 1107 2037 1163; x_wconf 89' lang='lat' dir='ltr'>purissimo</span> 
     </span>
     <span class='ocr_line' id='line_1_11' title="bbox 500 1177 2100 1232; baseline 0 -14"><span class='ocrx_word' id='word_1_88' title='bbox 500 1184 671 1219; x_wconf 90' lang='lat' dir='ltr'>coactus</span> <span class='ocrx_word' id='word_1_89' title='bbox 693 1177 836 1225; x_wconf 89' lang='lat' dir='ltr'>addat,</span> <span class='ocrx_word' id='word_1_90' title='bbox 859 1183 903 1218; x_wconf 89' lang='lat' dir='ltr'>et</span> <span class='ocrx_word' id='word_1_91' title='bbox 931 1177 1107 1232; x_wconf 88' lang='lat' dir='ltr'>insuper</span> <span class='ocrx_word' id='word_1_92' title='bbox 1135 1192 1232 1218; x_wconf 91' lang='lat' dir='ltr'>reus</span> <span class='ocrx_word' id='word_1_93' title='bbox 1261 1177 1501 1232; x_wconf 87' lang='lat' dir='ltr'>majestatis</span> <span class='ocrx_word' id='word_1_94' title='bbox 1531 1177 1743 1218; x_wconf 87' lang='lat' dir='ltr'>habeatur</span> <span class='ocrx_word' id='word_1_95' title='bbox 1764 1183 1807 1218; x_wconf 91' lang='lat' dir='ltr'>et</span> <span class='ocrx_word' id='word_1_96' title='bbox 1835 1177 2038 1232; x_wconf 88' lang='lat' dir='ltr'>profanus</span> <span class='ocrx_word' id='word_1_97' title='bbox 2063 1197 2100 1218; x_wconf 90' lang='lat'>10</span> 
     </span>
     <span class='ocr_line' id='line_1_12' title="bbox 498 1245 1901 1301; baseline -0.001 -13"><span class='ocrx_word' id='word_1_98' title='bbox 498 1247 552 1288; x_wconf 89' lang='lat' dir='ltr'>ab</span> <span class='ocrx_word' id='word_1_99' title='bbox 574 1247 772 1288; x_wconf 89' lang='lat' dir='ltr'>omnibus</span> <span class='ocrx_word' id='word_1_100' title='bbox 794 1246 876 1288; x_wconf 89' lang='lat' dir='ltr'>nisi</span> <span class='ocrx_word' id='word_1_101' title='bbox 898 1246 1003 1287; x_wconf 85' lang='lat' dir='ltr'>satis</span> <span class='ocrx_word' id='word_1_102' title='bbox 1024 1261 1100 1301; x_wconf 85' lang='lat' dir='ltr'>pro</span> <span class='ocrx_word' id='word_1_103' title='bbox 1122 1245 1423 1287; x_wconf 87' lang='lat' dir='ltr'>emendatione</span> <span class='ocrx_word' id='word_1_104' title='bbox 1446 1246 1593 1287; x_wconf 85' lang='lat' dir='ltr'>fecerit</span> <span class='ocrx_word' id='word_1_105' title='bbox 1615 1251 1901 1301; x_wconf 90' lang='lat' dir='ltr'>computetur.</span> 
     </span>
    </p>
   </div>
   <div class='ocr_carea' id='block_1_3' title="bbox 214 1373 2036 1585">
    <p class='ocr_par' dir='ltr' id='par_1_3' title="bbox 214 1373 2036 1585">
     <span class='ocr_line' id='line_1_13' title="bbox 214 1373 1778 1452; baseline -0.003 -35"><span class='ocrx_word' id='word_1_106' title='bbox 214 1377 345 1452; x_wconf 49' lang='lat' dir='ltr'>{ffilnof</span> <span class='ocrx_word' id='word_1_107' title='bbox 362 1377 454 1417; x_wconf 80' lang='lat' dir='ltr'>Pope</span> <span class='ocrx_word' id='word_1_108' title='bbox 586 1375 713 1416; x_wconf 89' lang='lat' dir='ltr'>Bulla</span> <span class='ocrx_word' id='word_1_109' title='bbox 733 1375 761 1416; x_wconf 78' lang='lat' dir='ltr'>J</span> <span class='ocrx_word' id='word_1_110' title='bbox 765 1374 945 1416; x_wconf 89' lang='lat' dir='ltr'>ohannis</span> <span class='ocrx_word' id='word_1_111' title='bbox 966 1389 1102 1430; x_wconf 90' lang='lat' dir='ltr'>papae</span> <span class='ocrx_word' id='word_1_112' title='bbox 1127 1373 1254 1415; x_wconf 87' lang='lat' dir='ltr'>missa</span> <span class='ocrx_word' id='word_1_113' title='bbox 1276 1373 1366 1430; x_wconf 90' lang='lat' dir='ltr'>regi</span> <span class='ocrx_word' id='word_1_114' title='bbox 1391 1373 1559 1429; x_wconf 89' lang='lat' dir='ltr'>Edgaro</span> <span class='ocrx_word' id='word_1_115' title='bbox 1582 1373 1778 1429; x_wconf 87' lang='lat' dir='ltr'>Angliae.</span> 
     </span>
     <span class='ocr_line' id='line_1_14' title="bbox 217 1446 2036 1517; baseline -0.004 -10"><span class='ocrx_word' id='word_1_116' title='bbox 217 1465 279 1506; x_wconf 81' lang='lat' dir='ltr'>(Cf.</span> <span class='ocrx_word' id='word_1_117' title='bbox 301 1446 334 1506; x_wconf 56' lang='lat'>13-</span> <span class='ocrx_word' id='word_1_118' title='bbox 353 1467 406 1503; x_wconf 88' lang='lat'>51,</span> <span class='ocrx_word' id='word_1_119' title='bbox 586 1462 615 1503; x_wconf 81' lang='lat' dir='ltr'><strong>J</strong></span> <span class='ocrx_word' id='word_1_120' title='bbox 617 1462 807 1502; x_wconf 89' lang='lat' dir='ltr'>ohannes</span> <span class='ocrx_word' id='word_1_121' title='bbox 822 1461 1045 1517; x_wconf 87' lang='lat' dir='ltr'>episcopus</span> <span class='ocrx_word' id='word_1_122' title='bbox 1064 1460 1180 1501; x_wconf 87' lang='lat' dir='ltr'>urbis</span> <span class='ocrx_word' id='word_1_123' title='bbox 1199 1460 1359 1500; x_wconf 84' lang='lat' dir='ltr'>Romae</span> <span class='ocrx_word' id='word_1_124' title='bbox 1378 1474 1525 1501; x_wconf 84' lang='lat' dir='ltr'>servus</span> <span class='ocrx_word' id='word_1_125' title='bbox 1541 1474 1760 1501; x_wconf 85' lang='lat' dir='ltr'>servorum</span> <span class='ocrx_word' id='word_1_126' title='bbox 1777 1458 1847 1500; x_wconf 91' lang='lat' dir='ltr'>dei</span> <span class='ocrx_word' id='word_1_127' title='bbox 1864 1459 2036 1500; x_wconf 91' lang='lat' dir='ltr'>domino</span> 
     </span>
     <span class='ocr_line' id='line_1_15' title="bbox 214 1509 2036 1585; baseline -0.002 -14"><span class='ocrx_word' id='word_1_128' title='bbox 214 1509 236 1539; x_wconf 90' lang='lat' dir='ltr'>l.</span> <span class='ocrx_word' id='word_1_129' title='bbox 255 1509 300 1550; x_wconf 75' lang='lat'>7‘)</span> <span class='ocrx_word' id='word_1_130' title='bbox 499 1530 857 1571; x_wconf 86' lang='lat' dir='ltr'>excellentissimo</span> <span class='ocrx_word' id='word_1_131' title='bbox 900 1530 1067 1585; x_wconf 89' lang='lat' dir='ltr'>Edgaro</span> <span class='ocrx_word' id='word_1_132' title='bbox 1108 1529 1195 1569; x_wconf 89' lang='lat' dir='ltr'>filio</span> <span class='ocrx_word' id='word_1_133' title='bbox 1236 1544 1312 1570; x_wconf 87' lang='lat' dir='ltr'>suo</span> <span class='ocrx_word' id='word_1_134' title='bbox 1354 1528 1444 1584; x_wconf 86' lang='lat' dir='ltr'>regi</span> <span class='ocrx_word' id='word_1_135' title='bbox 1486 1528 1725 1584; x_wconf 88' lang='lat' dir='ltr'>Anglorum</span> <span class='ocrx_word' id='word_1_136' title='bbox 1762 1528 1945 1569; x_wconf 87' lang='lat' dir='ltr'>salutem</span> <span class='ocrx_word' id='word_1_137' title='bbox 1992 1533 2036 1568; x_wconf 92' lang='lat' dir='ltr'>et</span> 
     </span>
    </p>
   </div>
   <div class='ocr_carea' id='block_1_4' title="bbox 494 1596 2097 3117">
    <p class='ocr_par' dir='ltr' id='par_1_4' title="bbox 494 1596 2097 3117">
     <span class='ocr_line' id='line_1_16' title="bbox 498 1596 2096 1657; baseline -0.002 -17"><span class='ocrx_word' id='word_1_138' title='bbox 498 1600 774 1656; x_wconf 87' lang='lat' dir='ltr'>apostolicam</span> <span class='ocrx_word' id='word_1_139' title='bbox 804 1598 1160 1640; x_wconf 84' lang='lat' dir='ltr'>benedictionem.</span> <span class='ocrx_word' id='word_1_140' title='bbox 1223 1598 1324 1654; x_wconf 90' lang='lat' dir='ltr'>quia</span> <span class='ocrx_word' id='word_1_141' title='bbox 1350 1598 1507 1639; x_wconf 88' lang='lat' dir='ltr'>litteris</span> <span class='ocrx_word' id='word_1_142' title='bbox 1539 1603 1641 1638; x_wconf 90' lang='lat' dir='ltr'>tuae</span> <span class='ocrx_word' id='word_1_143' title='bbox 1669 1596 1949 1646; x_wconf 86' lang='lat' dir='ltr'>celsitudinis,</span> <span class='ocrx_word' id='word_1_144' title='bbox 1961 1597 2035 1657; x_wconf 40' lang='lat' dir='ltr'>‘fili</span> <span class='ocrx_word' id='word_1_145' title='bbox 2060 1617 2096 1647; x_wconf 86' lang='lat'>15</span> 
     </span>
     <span class='ocr_line' id='line_1_17' title="bbox 499 1666 2036 1723; baseline -0.002 -13"><span class='ocrx_word' id='word_1_146' title='bbox 499 1669 727 1719; x_wconf 83' lang='lat' dir='ltr'>carissime,</span> <span class='ocrx_word' id='word_1_147' title='bbox 749 1669 871 1710; x_wconf 90' lang='lat' dir='ltr'>nobis</span> <span class='ocrx_word' id='word_1_148' title='bbox 900 1668 1129 1710; x_wconf 83' lang='lat' dir='ltr'>innotuisti</span> <span class='ocrx_word' id='word_1_149' title='bbox 1161 1668 1213 1709; x_wconf 88' lang='lat' dir='ltr'>de</span> <span class='ocrx_word' id='word_1_150' title='bbox 1246 1667 1504 1709; x_wconf 88' lang='lat' dir='ltr'>monasterio</span> <span class='ocrx_word' id='word_1_151' title='bbox 1530 1667 1667 1708; x_wconf 90' lang='lat' dir='ltr'>sancti</span> <span class='ocrx_word' id='word_1_152' title='bbox 1695 1667 1811 1708; x_wconf 84' lang='lat' dir='ltr'>Petri</span> <span class='ocrx_word' id='word_1_153' title='bbox 1841 1666 2036 1723; x_wconf 88' lang='lat' dir='ltr'>specialis</span> 
     </span>
     <span class='ocr_line' id='line_1_18' title="bbox 498 1737 2036 1795; baseline -0.001 -15"><span class='ocrx_word' id='word_1_154' title='bbox 498 1739 668 1795; x_wconf 89' lang='lat' dir='ltr'>patroni</span> <span class='ocrx_word' id='word_1_155' title='bbox 705 1739 781 1789; x_wconf 89' lang='lat' dir='ltr'>tui,</span> <span class='ocrx_word' id='word_1_156' title='bbox 823 1739 936 1794; x_wconf 90' lang='lat' dir='ltr'>quod</span> <span class='ocrx_word' id='word_1_157' title='bbox 977 1739 1031 1779; x_wconf 88' lang='lat' dir='ltr'>ab</span> <span class='ocrx_word' id='word_1_158' title='bbox 1072 1738 1263 1794; x_wconf 88' lang='lat' dir='ltr'>antiquis</span> <span class='ocrx_word' id='word_1_159' title='bbox 1308 1737 1492 1793; x_wconf 88' lang='lat' dir='ltr'>Angliae</span> <span class='ocrx_word' id='word_1_160' title='bbox 1540 1737 1714 1793; x_wconf 85' lang='lat' dir='ltr'>regibus</span> <span class='ocrx_word' id='word_1_161' title='bbox 1754 1753 1779 1778; x_wconf 92' lang='lat' dir='ltr'>a</span> <span class='ocrx_word' id='word_1_162' title='bbox 1819 1742 2036 1793; x_wconf 81' lang='lat' dir='ltr'>potestate</span> 
     </span>
     <span class='ocr_line' id='line_1_19' title="bbox 498 1807 2035 1864; baseline -0.001 -14"><span class='ocrx_word' id='word_1_163' title='bbox 498 1808 807 1850; x_wconf 89' lang='lat' dir='ltr'>Londoniensis</span> <span class='ocrx_word' id='word_1_164' title='bbox 840 1808 952 1850; x_wconf 91' lang='lat' dir='ltr'>sedis</span> <span class='ocrx_word' id='word_1_165' title='bbox 986 1808 1173 1864; x_wconf 87' lang='lat' dir='ltr'>episcopi</span> <span class='ocrx_word' id='word_1_166' title='bbox 1210 1823 1307 1849; x_wconf 92' lang='lat' dir='ltr'>cum</span> <span class='ocrx_word' id='word_1_167' title='bbox 1342 1807 1516 1849; x_wconf 86' lang='lat' dir='ltr'>consilio</span> <span class='ocrx_word' id='word_1_168' title='bbox 1549 1807 1804 1864; x_wconf 91' lang='lat' dir='ltr'>pontificum</span> <span class='ocrx_word' id='word_1_169' title='bbox 1842 1807 2035 1863; x_wconf 87' lang='lat' dir='ltr'>ejusdem</span> 
     </span>
     <span class='ocr_line' id='line_1_20' title="bbox 498 1876 2034 1934; baseline -0.001 -15"><span class='ocrx_word' id='word_1_170' title='bbox 498 1878 663 1934; x_wconf 85' lang='lat' dir='ltr'>patriae</span> <span class='ocrx_word' id='word_1_171' title='bbox 706 1878 836 1919; x_wconf 84' lang='lat' dir='ltr'>fuerit</span> <span class='ocrx_word' id='word_1_172' title='bbox 878 1883 1087 1933; x_wconf 86' lang='lat' dir='ltr'>ereptum,</span> <span class='ocrx_word' id='word_1_173' title='bbox 1125 1883 1168 1918; x_wconf 92' lang='lat' dir='ltr'>et</span> <span class='ocrx_word' id='word_1_174' title='bbox 1210 1877 1366 1918; x_wconf 85' lang='lat' dir='ltr'>abhinc</span> <span class='ocrx_word' id='word_1_175' title='bbox 1403 1877 1484 1918; x_wconf 86' lang='lat' dir='ltr'>sub</span> <span class='ocrx_word' id='word_1_176' title='bbox 1524 1876 1734 1932; x_wconf 85' lang='lat' dir='ltr'>regimine</span> <span class='ocrx_word' id='word_1_177' title='bbox 1775 1891 1926 1931; x_wconf 84' lang='lat' dir='ltr'>regum</span> <span class='ocrx_word' id='word_1_178' title='bbox 1969 1877 2034 1918; x_wconf 88' lang='lat' dir='ltr'>vel</span> 
     </span>
     <span class='ocr_line' id='line_1_21' title="bbox 498 1946 2097 2002; baseline 0 -13"><span class='ocrx_word' id='word_1_179' title='bbox 498 1948 826 1989; x_wconf 84' lang='lat' dir='ltr'>clarissimorum</span> <span class='ocrx_word' id='word_1_180' title='bbox 870 1947 1077 1988; x_wconf 83' lang='lat' dir='ltr'>abbatum</span> <span class='ocrx_word' id='word_1_181' title='bbox 1120 1962 1288 2002; x_wconf 89' lang='lat' dir='ltr'>semper</span> <span class='ocrx_word' id='word_1_182' title='bbox 1328 1946 1610 2002; x_wconf 79' lang='lat' dir='ltr'>dispositum3</span> <span class='ocrx_word' id='word_1_183' title='bbox 1656 1952 1700 1987; x_wconf 91' lang='lat' dir='ltr'>et</span> <span class='ocrx_word' id='word_1_184' title='bbox 1740 1946 1971 2002; x_wconf 89' lang='lat' dir='ltr'>postulasti</span> <span class='ocrx_word' id='word_1_185' title='bbox 2011 1962 2036 1987; x_wconf 91' lang='lat' dir='ltr'>a</span> <span class='ocrx_word' id='word_1_186' title='bbox 2056 1968 2097 1990; x_wconf 60' lang='grc' dir='ltr'>κο</span> 
     </span>
     <span class='ocr_line' id='line_1_22' title="bbox 498 2015 2035 2073; baseline -0.002 -14"><span class='ocrx_word' id='word_1_187' title='bbox 498 2018 620 2059; x_wconf 89' lang='lat' dir='ltr'>nobis</span> <span class='ocrx_word' id='word_1_188' title='bbox 642 2024 691 2059; x_wconf 90' lang='lat' dir='ltr'>ut</span> <span class='ocrx_word' id='word_1_189' title='bbox 714 2017 989 2073; x_wconf 87' lang='lat' dir='ltr'>privilegium</span> <span class='ocrx_word' id='word_1_190' title='bbox 1013 2016 1309 2073; x_wconf 89' lang='lat' dir='ltr'>episcoporum</span> <span class='ocrx_word' id='word_1_191' title='bbox 1338 2016 1390 2057; x_wconf 91' lang='lat' dir='ltr'>de</span> <span class='ocrx_word' id='word_1_192' title='bbox 1413 2015 1562 2057; x_wconf 87' lang='lat' dir='ltr'>eodem</span> <span class='ocrx_word' id='word_1_193' title='bbox 1586 2015 1844 2057; x_wconf 89' lang='lat' dir='ltr'>monasterio</span> <span class='ocrx_word' id='word_1_194' title='bbox 1873 2016 2035 2057; x_wconf 88' lang='lat' dir='ltr'>factum</span> 
     </span>
     <span class='ocr_line' id='line_1_23' title="bbox 497 2085 2035 2143; baseline -0.001 -14"><span class='ocrx_word' id='word_1_195' title='bbox 497 2094 642 2129; x_wconf 84' lang='lat' dir='ltr'>nostro</span> <span class='ocrx_word' id='word_1_196' title='bbox 683 2087 920 2143; x_wconf 73' lang='lat' dir='ltr'>privilegis),</span> <span class='ocrx_word' id='word_1_197' title='bbox 956 2087 1088 2128; x_wconf 89' lang='lat' dir='ltr'>immo</span> <span class='ocrx_word' id='word_1_198' title='bbox 1125 2086 1262 2143; x_wconf 88' lang='lat' dir='ltr'>magis</span> <span class='ocrx_word' id='word_1_199' title='bbox 1298 2087 1588 2142; x_wconf 87' lang='lat' dir='ltr'>apostolorum</span> <span class='ocrx_word' id='word_1_200' title='bbox 1625 2085 1831 2142; x_wconf 90' lang='lat' dir='ltr'>principis</span> <span class='ocrx_word' id='word_1_201' title='bbox 1866 2086 2035 2127; x_wconf 88' lang='lat' dir='ltr'>robora-</span> 
     </span>
     <span class='ocr_line' id='line_1_24' title="bbox 497 2154 2034 2206; baseline -0.002 -8"><span class='ocrx_word' id='word_1_202' title='bbox 497 2172 639 2198; x_wconf 86' lang='lat' dir='ltr'>remus</span> <span class='ocrx_word' id='word_1_203' title='bbox 673 2157 944 2206; x_wconf 86' lang='lat' dir='ltr'>auctoritate‚</span> <span class='ocrx_word' id='word_1_204' title='bbox 976 2156 1260 2198; x_wconf 86' lang='lat' dir='ltr'>libentissime</span> <span class='ocrx_word' id='word_1_205' title='bbox 1297 2156 1534 2197; x_wconf 89' lang='lat' dir='ltr'>secundum</span> <span class='ocrx_word' id='word_1_206' title='bbox 1571 2161 1672 2197; x_wconf 90' lang='lat' dir='ltr'>tuae</span> <span class='ocrx_word' id='word_1_207' title='bbox 1710 2154 2034 2196; x_wconf 89' lang='lat' dir='ltr'>benevolentiae</span> 
     </span>
     <span class='ocr_line' id='line_1_25' title="bbox 497 2224 2033 2283; baseline -0.002 -15"><span class='ocrx_word' id='word_1_208' title='bbox 497 2227 753 2283; x_wconf 87' lang='lat' dir='ltr'>petitionem</span> <span class='ocrx_word' id='word_1_209' title='bbox 786 2227 974 2268; x_wconf 85' lang='lat' dir='ltr'>facimus.</span> <span class='ocrx_word' id='word_1_210' title='bbox 1036 2226 1295 2267; x_wconf 85' lang='lat' dir='ltr'>auctoritate</span> <span class='ocrx_word' id='word_1_211' title='bbox 1326 2225 1538 2281; x_wconf 86' lang='lat' dir='ltr'>siquidem</span> <span class='ocrx_word' id='word_1_212' title='bbox 1570 2225 1687 2266; x_wconf 88' lang='lat' dir='ltr'>beati</span> <span class='ocrx_word' id='word_1_213' title='bbox 1720 2224 1838 2266; x_wconf 88' lang='lat' dir='ltr'>Petri</span> <span class='ocrx_word' id='word_1_214' title='bbox 1866 2229 2033 2280; x_wconf 90' lang='lat' dir='ltr'>aposto-</span> 
     </span>
     <span class='ocr_line' id='line_1_26' title="bbox 496 2294 2093 2354; baseline -0.003 -15"><span class='ocrx_word' id='word_1_215' title='bbox 496 2299 634 2339; x_wconf 87' lang='lat' dir='ltr'>lorum</span> <span class='ocrx_word' id='word_1_216' title='bbox 656 2297 872 2354; x_wconf 85' lang='lat' dir='ltr'>principis,</span> <span class='ocrx_word' id='word_1_217' title='bbox 889 2297 962 2352; x_wconf 90' lang='lat' dir='ltr'>qui</span> <span class='ocrx_word' id='word_1_218' title='bbox 985 2303 1244 2352; x_wconf 88' lang='lat' dir='ltr'>potestatem</span> <span class='ocrx_word' id='word_1_219' title='bbox 1264 2296 1427 2352; x_wconf 86' lang='lat' dir='ltr'>ligandi</span> <span class='ocrx_word' id='word_1_220' title='bbox 1449 2301 1579 2351; x_wconf 90' lang='lat' dir='ltr'>atque</span> <span class='ocrx_word' id='word_1_221' title='bbox 1602 2294 1794 2336; x_wconf 87' lang='lat' dir='ltr'>solvendi</span> <span class='ocrx_word' id='word_1_222' title='bbox 1815 2310 1841 2335; x_wconf 89' lang='lat' dir='ltr'>a</span> <span class='ocrx_word' id='word_1_223' title='bbox 1861 2294 2034 2335; x_wconf 90' lang='lat' dir='ltr'>domino</span> <span class='ocrx_word' id='word_1_224' title='bbox 2055 2312 2093 2342; x_wconf 86' lang='lat'>25</span> 
     </span>
     <span class='ocr_line' id='line_1_27' title="bbox 497 2363 2035 2423; baseline -0.002 -15"><span class='ocrx_word' id='word_1_225' title='bbox 497 2367 672 2423; x_wconf 88' lang='lat' dir='ltr'>accepit,</span> <span class='ocrx_word' id='word_1_226' title='bbox 695 2367 903 2422; x_wconf 85' lang='lat' dir='ltr'>cujusque</span> <span class='ocrx_word' id='word_1_227' title='bbox 929 2381 1005 2407; x_wconf 90' lang='lat' dir='ltr'>nos</span> <span class='ocrx_word' id='word_1_228' title='bbox 1029 2365 1173 2406; x_wconf 86' lang='lat' dir='ltr'>vicarii</span> <span class='ocrx_word' id='word_1_229' title='bbox 1196 2365 1433 2414; x_wconf 81' lang='lat' dir='ltr'>existimus,</span> <span class='ocrx_word' id='word_1_230' title='bbox 1455 2364 1700 2406; x_wconf 87' lang='lat' dir='ltr'>stabilimus</span> <span class='ocrx_word' id='word_1_231' title='bbox 1722 2370 1771 2405; x_wconf 90' lang='lat' dir='ltr'>ut</span> <span class='ocrx_word' id='word_1_232' title='bbox 1794 2363 1884 2419; x_wconf 90' lang='lat' dir='ltr'>ipse</span> <span class='ocrx_word' id='word_1_233' title='bbox 1908 2364 2035 2413; x_wconf 90' lang='lat' dir='ltr'>locus,</span> 
     </span>
     <span class='ocr_line' id='line_1_28' title="bbox 496 2432 2034 2491; baseline -0.002 -15"><span class='ocrx_word' id='word_1_234' title='bbox 496 2450 647 2491; x_wconf 87' lang='lat' dir='ltr'>regum</span> <span class='ocrx_word' id='word_1_235' title='bbox 683 2434 923 2491; x_wconf 86' lang='lat' dir='ltr'>praeceptis</span> <span class='ocrx_word' id='word_1_236' title='bbox 961 2440 1005 2475; x_wconf 91' lang='lat' dir='ltr'>et</span> <span class='ocrx_word' id='word_1_237' title='bbox 1037 2433 1276 2490; x_wconf 88' lang='lat' dir='ltr'>privilegiis</span> <span class='ocrx_word' id='word_1_238' title='bbox 1310 2432 1553 2489; x_wconf 89' lang='lat' dir='ltr'>apostolicis</span> <span class='ocrx_word' id='word_1_239' title='bbox 1596 2433 1742 2482; x_wconf 86' lang='lat' dir='ltr'>fultus,</span> <span class='ocrx_word' id='word_1_240' title='bbox 1779 2448 1855 2488; x_wconf 90' lang='lat' dir='ltr'>per</span> <span class='ocrx_word' id='word_1_241' title='bbox 1890 2433 2034 2474; x_wconf 89' lang='lat' dir='ltr'>omnia</span> 
     </span>
     <span class='ocr_line' id='line_1_29' title="bbox 496 2502 2033 2561; baseline -0.002 -15"><span class='ocrx_word' id='word_1_242' title='bbox 496 2512 691 2561; x_wconf 88' lang='lat' dir='ltr'>tempora</span> <span class='ocrx_word' id='word_1_243' title='bbox 707 2505 799 2546; x_wconf 88' lang='lat' dir='ltr'>sine</span> <span class='ocrx_word' id='word_1_244' title='bbox 816 2504 1075 2560; x_wconf 87' lang='lat' dir='ltr'>repetitione</span> <span class='ocrx_word' id='word_1_245' title='bbox 1093 2504 1401 2559; x_wconf 86' lang='lat' dir='ltr'>cujuscumque</span> <span class='ocrx_word' id='word_1_246' title='bbox 1424 2503 1683 2544; x_wconf 88' lang='lat' dir='ltr'>Londinicae</span> <span class='ocrx_word' id='word_1_247' title='bbox 1707 2502 1824 2544; x_wconf 89' lang='lat' dir='ltr'>urbis</span> <span class='ocrx_word' id='word_1_248' title='bbox 1846 2502 2033 2558; x_wconf 91' lang='lat' dir='ltr'>episcopi</span> 
     </span>
     <span class='ocr_line' id='line_1_30' title="bbox 494 2572 2032 2630; baseline -0.002 -14"><span class='ocrx_word' id='word_1_249' title='bbox 494 2581 571 2616; x_wconf 91' lang='lat' dir='ltr'>aut</span> <span class='ocrx_word' id='word_1_250' title='bbox 592 2575 774 2630; x_wconf 84' lang='lat' dir='ltr'>alicujus</span> <span class='ocrx_word' id='word_1_251' title='bbox 789 2574 1043 2630; x_wconf 85' lang='lat' dir='ltr'>judiciariae</span> <span class='ocrx_word' id='word_1_252' title='bbox 1066 2573 1295 2629; x_wconf 89' lang='lat' dir='ltr'>potestatis</span> <span class='ocrx_word' id='word_1_253' title='bbox 1318 2573 1384 2614; x_wconf 90' lang='lat' dir='ltr'>vel</span> <span class='ocrx_word' id='word_1_254' title='bbox 1406 2572 1714 2628; x_wconf 85' lang='lat' dir='ltr'>cujuscumque</span> <span class='ocrx_word' id='word_1_255' title='bbox 1737 2572 2032 2628; x_wconf 86' lang='lat' dir='ltr'>praepotentis</span> 
     </span>
     <span class='ocr_line' id='line_1_31' title="bbox 496 2642 2093 2699; baseline -0.002 -14"><span class='ocrx_word' id='word_1_256' title='bbox 496 2644 692 2694; x_wconf 88' lang='lat' dir='ltr'>hominis,</span> <span class='ocrx_word' id='word_1_257' title='bbox 723 2644 1029 2699; x_wconf 87' lang='lat' dir='ltr'>cujuscumque</span> <span class='ocrx_word' id='word_1_258' title='bbox 1062 2643 1222 2684; x_wconf 89' lang='lat' dir='ltr'>ordinis</span> <span class='ocrx_word' id='word_1_259' title='bbox 1256 2643 1321 2684; x_wconf 89' lang='lat' dir='ltr'>vel</span> <span class='ocrx_word' id='word_1_260' title='bbox 1353 2642 1581 2698; x_wconf 83' lang='lat' dir='ltr'>dignitatis</span> <span class='ocrx_word' id='word_1_261' title='bbox 1617 2642 1686 2692; x_wconf 89' lang='lat' dir='ltr'>sit,</span> <span class='ocrx_word' id='word_1_262' title='bbox 1720 2657 1888 2698; x_wconf 91' lang='lat' dir='ltr'>semper</span> <span class='ocrx_word' id='word_1_263' title='bbox 1920 2642 2032 2683; x_wconf 89' lang='lat' dir='ltr'>sicut</span> <span class='ocrx_word' id='word_1_264' title='bbox 2053 2659 2093 2690; x_wconf 82' lang='lat'>30</span> 
     </span>
     <span class='ocr_line' id='line_1_32' title="bbox 494 2712 2032 2768; baseline -0.001 -14"><span class='ocrx_word' id='word_1_265' title='bbox 494 2718 723 2768; x_wconf 89' lang='lat' dir='ltr'>praeoptat</span> <span class='ocrx_word' id='word_1_266' title='bbox 761 2719 805 2754; x_wconf 92' lang='lat' dir='ltr'>et</span> <span class='ocrx_word' id='word_1_267' title='bbox 842 2712 1009 2768; x_wconf 86' lang='lat' dir='ltr'>expetit</span> <span class='ocrx_word' id='word_1_268' title='bbox 1046 2719 1123 2753; x_wconf 88' lang='lat' dir='ltr'>tua</span> <span class='ocrx_word' id='word_1_269' title='bbox 1159 2712 1460 2753; x_wconf 88' lang='lat' dir='ltr'>benevolentia</span> <span class='ocrx_word' id='word_1_270' title='bbox 1496 2718 1616 2754; x_wconf 86' lang='lat' dir='ltr'>ratus</span> <span class='ocrx_word' id='word_1_271' title='bbox 1658 2712 1803 2753; x_wconf 89' lang='lat' dir='ltr'>futuro</span> <span class='ocrx_word' id='word_1_272' title='bbox 1840 2718 2032 2767; x_wconf 88' lang='lat' dir='ltr'>tempore</span> 
     </span>
     <span class='ocr_line' id='line_1_33' title="bbox 494 2781 2032 2837; baseline -0.001 -14"><span class='ocrx_word' id='word_1_273' title='bbox 494 2788 753 2837; x_wconf 84' lang='lat' dir='ltr'>permaneat.</span> <span class='ocrx_word' id='word_1_274' title='bbox 819 2782 1081 2823; x_wconf 86' lang='lat' dir='ltr'>venerabiles</span> <span class='ocrx_word' id='word_1_275' title='bbox 1109 2781 1245 2837; x_wconf 90' lang='lat' dir='ltr'>igitur</span> <span class='ocrx_word' id='word_1_276' title='bbox 1270 2781 1462 2837; x_wconf 86' lang='lat' dir='ltr'>ejusdem</span> <span class='ocrx_word' id='word_1_277' title='bbox 1492 2781 1572 2822; x_wconf 90' lang='lat' dir='ltr'>loci</span> <span class='ocrx_word' id='word_1_278' title='bbox 1601 2782 1752 2822; x_wconf 85' lang='lat' dir='ltr'>fratres</span> <span class='ocrx_word' id='word_1_279' title='bbox 1777 2781 1952 2822; x_wconf 91' lang='lat' dir='ltr'>idoneos</span> <span class='ocrx_word' id='word_1_280' title='bbox 1980 2796 2032 2822; x_wconf 85' lang='lat' dir='ltr'>ex</span> 
     </span>
     <span class='ocr_line' id='line_1_34' title="bbox 495 2850 2031 2907; baseline -0.001 -14"><span class='ocrx_word' id='word_1_281' title='bbox 495 2867 538 2893; x_wconf 89' lang='lat' dir='ltr'>se</span> <span class='ocrx_word' id='word_1_282' title='bbox 581 2852 647 2893; x_wconf 90' lang='lat' dir='ltr'>vel</span> <span class='ocrx_word' id='word_1_283' title='bbox 689 2867 740 2893; x_wconf 82' lang='lat' dir='ltr'>ex</span> <span class='ocrx_word' id='word_1_284' title='bbox 781 2867 1036 2907; x_wconf 88' lang='lat' dir='ltr'>quacunque</span> <span class='ocrx_word' id='word_1_285' title='bbox 1079 2851 1293 2892; x_wconf 84' lang='lat' dir='ltr'>voluerint</span> <span class='ocrx_word' id='word_1_286' title='bbox 1334 2851 1665 2906; x_wconf 83' lang='lat' dir='ltr'>congregatione</span> <span class='ocrx_word' id='word_1_287' title='bbox 1711 2851 1891 2891; x_wconf 88' lang='lat' dir='ltr'>abbates</span> <span class='ocrx_word' id='word_1_288' title='bbox 1941 2850 2031 2891; x_wconf 87' lang='lat' dir='ltr'>sive</span> 
     </span>
     <span class='ocr_line' id='line_1_35' title="bbox 494 2919 2030 2976; baseline -0.001 -15"><span class='ocrx_word' id='word_1_289' title='bbox 494 2921 674 2962; x_wconf 89' lang='lat' dir='ltr'>decanos</span> <span class='ocrx_word' id='word_1_290' title='bbox 715 2920 797 2962; x_wconf 90' lang='lat' dir='ltr'>sibi</span> <span class='ocrx_word' id='word_1_291' title='bbox 838 2936 913 2976; x_wconf 87' lang='lat' dir='ltr'>per</span> <span class='ocrx_word' id='word_1_292' title='bbox 953 2920 1239 2962; x_wconf 85' lang='lat' dir='ltr'>successiones</span> <span class='ocrx_word' id='word_1_293' title='bbox 1282 2920 1470 2976; x_wconf 89' lang='lat' dir='ltr'>eligendi</span> <span class='ocrx_word' id='word_1_294' title='bbox 1511 2935 1563 2961; x_wconf 80' lang='lat' dir='ltr'>ex</span> <span class='ocrx_word' id='word_1_295' title='bbox 1599 2919 1858 2961; x_wconf 86' lang='lat' dir='ltr'>auctoritate</span> <span class='ocrx_word' id='word_1_296' title='bbox 1901 2919 2030 2975; x_wconf 88' lang='lat' dir='ltr'>hujus</span> 
     </span>
     <span class='ocr_line' id='line_1_36' title="bbox 494 2989 2089 3045; baseline 0 -14"><span class='ocrx_word' id='word_1_297' title='bbox 494 2996 666 3032; x_wconf 87' lang='lat' dir='ltr'>sanctae</span> <span class='ocrx_word' id='word_1_298' title='bbox 708 2991 926 3031; x_wconf 87' lang='lat' dir='ltr'>Romanae</span> <span class='ocrx_word' id='word_1_299' title='bbox 967 2990 1080 3031; x_wconf 88' lang='lat' dir='ltr'>sedis</span> <span class='ocrx_word' id='word_1_300' title='bbox 1121 2996 1165 3031; x_wconf 91' lang='lat' dir='ltr'>et</span> <span class='ocrx_word' id='word_1_301' title='bbox 1207 2997 1353 3031; x_wconf 89' lang='lat' dir='ltr'>nostra</span> <span class='ocrx_word' id='word_1_302' title='bbox 1393 2990 1504 3031; x_wconf 89' lang='lat' dir='ltr'>sicut</span> <span class='ocrx_word' id='word_1_303' title='bbox 1552 2989 1804 3045; x_wconf 89' lang='lat' dir='ltr'>postulastis</span> <span class='ocrx_word' id='word_1_304' title='bbox 1845 2989 2030 3044; x_wconf 87' lang='lat' dir='ltr'>amplius</span> <span class='ocrx_word' id='word_1_305' title='bbox 2050 3002 2089 3035; x_wconf 82' lang='lat'>35</span> 
     </span>
     <span class='ocr_line' id='line_1_37' title="bbox 494 3058 2030 3117; baseline -0.001 -16"><span class='ocrx_word' id='word_1_306' title='bbox 494 3060 682 3102; x_wconf 89' lang='lat' dir='ltr'>habeant</span> <span class='ocrx_word' id='word_1_307' title='bbox 713 3065 986 3116; x_wconf 88' lang='lat' dir='ltr'>potestatem,</span> <span class='ocrx_word' id='word_1_308' title='bbox 1018 3066 1062 3101; x_wconf 94' lang='lat' dir='ltr'>et</span> <span class='ocrx_word' id='word_1_309' title='bbox 1093 3075 1147 3101; x_wconf 90' lang='lat' dir='ltr'>ne</span> <span class='ocrx_word' id='word_1_310' title='bbox 1179 3060 1473 3117; x_wconf 88' lang='lat' dir='ltr'>impediantur</span> <span class='ocrx_word' id='word_1_311' title='bbox 1508 3059 1766 3101; x_wconf 88' lang='lat' dir='ltr'>auctoritate</span> <span class='ocrx_word' id='word_1_312' title='bbox 1797 3058 2030 3114; x_wconf 89' lang='lat' dir='ltr'>apostolica</span> 
     </span>
    </p>
   </div>
   <div class='ocr_carea' id='block_1_5' title="bbox 496 3179 2029 3273">
    <p class='ocr_par' dir='ltr' id='par_1_5' title="bbox 496 3179 2029 3273">
     <span class='ocr_line' id='line_1_38' title="bbox 559 3179 2029 3220; baseline 0 -10"><span class='ocrx_word' id='word_1_313' title='bbox 559 3180 577 3210; x_wconf 86' lang='lat'>5</span> <span class='ocrx_word' id='word_1_314' title='bbox 602 3182 635 3210; x_wconf 84' lang='lat' dir='ltr'>et</span> <span class='ocrx_word' id='word_1_315' title='bbox 652 3180 884 3220; x_wconf 82' lang='lat' dir='ltr'>auctoritatis]</span> <span class='ocrx_word' id='word_1_316' title='bbox 901 3179 1009 3210; x_wconf 85' lang='lat' dir='ltr'>added</span> <span class='ocrx_word' id='word_1_317' title='bbox 1027 3179 1112 3211; x_wconf 82' lang='lat' dir='ltr'>later</span> <span class='ocrx_word' id='word_1_318' title='bbox 1128 3179 1163 3210; x_wconf 90' lang='lat' dir='ltr'>in</span> <span class='ocrx_word' id='word_1_319' title='bbox 1181 3180 1214 3211; x_wconf 87' lang='lat' dir='ltr'>d.</span> <span class='ocrx_word' id='word_1_320' title='bbox 1423 3181 1463 3211; x_wconf 88' lang='lat'>10</span> <span class='ocrx_word' id='word_1_321' title='bbox 1486 3179 1712 3219; x_wconf 75' lang='lat' dir='ltr'>reus]÷regis</span> <span class='ocrx_word' id='word_1_322' title='bbox 1729 3179 1836 3211; x_wconf 85' lang='lat' dir='ltr'>added</span> <span class='ocrx_word' id='word_1_323' title='bbox 1853 3179 1940 3210; x_wconf 87' lang='lat' dir='ltr'>later</span> <span class='ocrx_word' id='word_1_324' title='bbox 1955 3179 1991 3210; x_wconf 89' lang='lat' dir='ltr'>in</span> <span class='ocrx_word' id='word_1_325' title='bbox 2008 3179 2029 3210; x_wconf 91' lang='lat' dir='ltr'>d</span> 
     </span>
     <span class='ocr_line' id='line_1_39' title="bbox 496 3231 2024 3273; baseline -0.001 -11"><span class='ocrx_word' id='word_1_326' title='bbox 496 3231 567 3273; x_wconf 86' lang='lat' dir='ltr'>(om.</span> <span class='ocrx_word' id='word_1_327' title='bbox 589 3231 677 3273; x_wconf 83' lang='lat' dir='ltr'>Ch.).</span> <span class='ocrx_word' id='word_1_328' title='bbox 808 3232 849 3262; x_wconf 81' lang='lat'>20</span> <span class='ocrx_word' id='word_1_329' title='bbox 873 3233 919 3271; x_wconf 84' lang='lat' dir='ltr'>et]</span> <span class='ocrx_word' id='word_1_330' title='bbox 936 3242 996 3262; x_wconf 82' lang='lat' dir='ltr'>om.</span> <span class='ocrx_word' id='word_1_331' title='bbox 1015 3231 1068 3263; x_wconf 87' lang='lat' dir='ltr'>W.</span> <span class='ocrx_word' id='word_1_332' title='bbox 1202 3234 1242 3263; x_wconf 85' lang='lat'>33</span> <span class='ocrx_word' id='word_1_333' title='bbox 1268 3242 1336 3271; x_wconf 87' lang='lat' dir='ltr'>qua</span> <span class='ocrx_word' id='word_1_334' title='bbox 1353 3232 1373 3263; x_wconf 86' lang='lat' dir='ltr'>d</span> <span class='ocrx_word' id='word_1_335' title='bbox 1390 3242 1472 3265; x_wconf 75' lang='lat' dir='ltr'>corr.</span> <span class='ocrx_word' id='word_1_336' title='bbox 1495 3232 1547 3263; x_wconf 87' lang='lat' dir='ltr'>W.</span> <span class='ocrx_word' id='word_1_337' title='bbox 1681 3232 1721 3262; x_wconf 81' lang='lat'>34</span> <span class='ocrx_word' id='word_1_338' title='bbox 1747 3240 1956 3262; x_wconf 84' lang='lat' dir='ltr'>successores</span> <span class='ocrx_word' id='word_1_339' title='bbox 1973 3231 2024 3262; x_wconf 92' lang='lat' dir='ltr'>W.</span> 
     </span>
    </p>
   </div>
   <div class='ocr_carea' id='block_1_6' title="bbox 493 3283 966 3322">
    <p class='ocr_par' dir='ltr' id='par_1_6' title="bbox 493 3283 966 3322">
     <span class='ocr_line' id='line_1_40' title="bbox 493 3283 966 3322; baseline 0.002 -9"><span class='ocrx_word' id='word_1_340' title='bbox 493 3285 535 3314; x_wconf 82' lang='lat'>35</span> <span class='ocrx_word' id='word_1_341' title='bbox 558 3284 605 3322; x_wconf 81' lang='lat' dir='ltr'>et]</span> <span class='ocrx_word' id='word_1_342' title='bbox 621 3294 681 3314; x_wconf 85' lang='lat' dir='ltr'>om.</span> <span class='ocrx_word' id='word_1_343' title='bbox 699 3283 735 3315; x_wconf 88' lang='lat' dir='ltr'>d:</span> <span class='ocrx_word' id='word_1_344' title='bbox 761 3283 828 3314; x_wconf 86' lang='lat' dir='ltr'>ins.</span> <span class='ocrx_word' id='word_1_345' title='bbox 847 3284 868 3315; x_wconf 88' lang='lat' dir='ltr'>d</span> <span class='ocrx_word' id='word_1_346' title='bbox 884 3294 966 3315; x_wconf 77' lang='lat' dir='ltr'>corr.</span> 
     </span>
    </p>
   </div>
  </div>
 </body>
</html>
