2385 3891
225 1388 297 1420 The
313 1388 403 1428 body
419 1388 449 1419 is

226 1431 426 1468 translated,

226 1477 265 1507 13
283 1476 357 1507 Oct.
378 1476 472 1506 1163.

224 1603 275 1635 cf.
293 1614 325 1644 p.
343 1604 396 1636 74.

226 1945 293 1981 †11
312 1945 393 1983 Apr.

228 1989 312 2021 1176
329 1988 386 2028 [?].

226 2085 354 2118 Buried
371 2085 406 2117 in

228 2129 331 2162 south
344 2129 491 2161 cloister.

231 2659 297 2691 His
313 2659 469 2691 anniver-

234 2713 323 2743 sary.

233 3010 314 3049 Reg.
334 3010 368 3042 S.
386 3010 471 3042 Ben.

232 3063 262 3085 c.
280 3054 332 3085 36.

509 428 572 472 94
809 424 993 472 Flete's
1030 423 1252 484 History
1288 421 1357 484 of
1391 420 1738 470 Westminster

594 549 786 605 Cupiens
828 555 975 590 autem
1017 548 1148 588 abbas
1190 553 1441 603 susceptum
1483 546 1706 602 negotium
1747 545 1801 587 ad
1842 546 2044 587 effectum

507 619 749 676 perducere,
792 633 888 659 cum
935 632 1035 672 rege
1078 623 1292 658 secretum
1338 616 1391 658 de
1438 615 1555 657 beati
1605 615 1718 671 regis
1764 614 2044 656 translatione

508 694 741 730 tractatum
770 686 934 735 habuit,
956 687 1178 742 postulans
1205 692 1255 727 ut
1282 686 1391 727 bono
1418 684 1628 741 principio
1653 684 1825 726 debitae
1851 699 2044 725 consum-

508 756 709 798 mationis
732 770 907 796 manum
930 755 1166 796 adhiberet.
1219 754 1374 795 annuit
1395 769 1468 795 rex
1485 753 1608 809 justa
1624 753 1827 809 poscenti,
1846 752 2045 808 diemque

506 832 672 867 certum
696 825 826 880 juxta
852 824 965 879 quod
994 829 1284 879 opportunum
1315 822 1543 863 videbatur
1574 821 1743 863 indixit.
1789 821 2046 862 adveniente
2067 834 2083 864 5

507 896 654 951 itaque
686 894 755 936 die
792 909 921 950 quem
955 909 1028 935 rex
1062 893 1330 949 praefixerat,
1361 892 1478 934 venit
1511 907 1583 933 rex
1617 891 1662 932 in
1695 891 1915 933 ecclesiam
1949 906 2046 932 cum

509 980 664 1020 magno
704 979 926 1020 procerum
964 970 1008 1005 et
1049 963 1236 1004 virorum
1278 962 1513 1004 illustrium
1555 961 1775 1010 comitatu,
1809 960 2047 1002 assistenti-

508 1034 675 1089 busque
718 1039 865 1074 sancto
901 1032 1066 1073 Thema
1102 1031 1420 1087 archiepiscopo
1457 1030 1719 1073 Cantuariae
1756 1029 2048 1086 episcopisque

508 1118 637 1158 quam
656 1101 864 1158 plurimis,
882 1101 1113 1142 abbatibus
1130 1115 1298 1156 quoque
1322 1107 1366 1141 et
1386 1099 1482 1141 aliis
1504 1099 1694 1156 personis
1717 1098 2048 1149 venerabilibus3

509 1171 792 1227 omnibusque
815 1170 897 1211 rite
919 1170 1104 1226 peractis
1126 1169 1266 1225 posita
1283 1175 1348 1211 est
1365 1184 1493 1225 super
1509 1168 1812 1210 candelabrum
1834 1168 2050 1223 praeclara
2073 1180 2110 1201 ¹0

509 1242 704 1290 lucerna3
736 1240 880 1296 sicque
903 1239 1010 1281 illud
1030 1255 1101 1280 vas
1125 1239 1366 1295 virgineum
1384 1237 1598 1279 castitatis
1621 1237 1665 1278 in
1687 1238 1842 1279 feretro
1864 1237 2050 1293 pretioso

510 1310 737 1352 honorifice
766 1309 1019 1350 collocatum
1047 1314 1123 1350 est.
1184 1308 1399 1349 celebrata
1428 1314 1493 1349 est
1519 1313 1666 1348 autern
1694 1307 1798 1348 haec
1825 1305 2050 1348 translatio

509 1395 620 1421 anno
637 1378 799 1420 domini
817 1378 1044 1420 millesimo
1061 1378 1206 1427 clxiii⁰‚
1224 1376 1505 1432 depositionis
1522 1392 1623 1418 suae
1641 1391 1752 1417 anno
1774 1375 2051 1432 nonagesimo

509 1449 703 1505 septimo,
725 1448 855 1490 tertio
878 1448 974 1489 idus
997 1447 1195 1489 Octobris
1217 1447 1285 1488 die
1311 1446 1536 1495 dominica,
1558 1452 1767 1502 regnante
1789 1445 1983 1501 piissimo
2006 1451 2050 1487 et

509 1519 689 1575 glorioso
711 1533 810 1574 rege
834 1517 1021 1559 Henrico
1044 1517 1103 1567 ii⁰‚
1125 1532 1237 1558 anno
1260 1516 1380 1572 regni
1402 1516 1469 1557 sui
1492 1531 1613 1558 nono.
1675 1515 1778 1556 haec
1800 1515 1973 1557 ibidem.
2076 1526 2110 1556 15

598 1589 663 1630 De
698 1587 982 1643 indulgentiis
1013 1593 1161 1629 autem
1193 1586 1400 1627 concessis
1431 1585 1630 1627 omnibus
1661 1584 2052 1626 intervenientibus

510 1658 553 1698 in
576 1657 745 1699 duobus
774 1657 894 1698 festis
923 1656 1060 1698 sancti
1091 1655 1203 1712 regis
1237 1654 1435 1696 Edwardi
1458 1660 1580 1710 patet
1603 1669 1732 1710 supra
1753 1653 1943 1709 capitulo
1970 1659 2051 1694 xv0.

510 1726 780 1768 confirmavit
803 1726 934 1767 etiam
957 1725 1204 1782 praedictus
1226 1731 1349 1781 pater
1370 1723 1563 1766 caritatis
1585 1723 1750 1765 intuitu
1776 1722 2051 1765 donationem
2070 1709 2078 1716 ⁸

511 1797 743 1838 Hereberti
764 1796 934 1838 abbatis
956 1795 1022 1837 sui
1044 1794 1380 1852 praedecessoris
1402 1809 1531 1850 super
1551 1794 1702 1835 cellam
1724 1793 1776 1834 de
1800 1793 2051 1849 Kylbourne

513 1883 611 1909 cum
638 1867 838 1908 omnibus
859 1865 1072 1914 corrodiis‚
1094 1864 1275 1906 annonis
1297 1879 1345 1905 ac
1366 1863 1607 1905 redditibus
1629 1863 1791 1904 eisdem
1812 1861 2052 1918 assignatis.
2073 1875 2114 1897 20

600 1936 722 1978 Obiit
744 1941 891 1977 autem
915 1935 974 1976 xi⁰
990 1935 1059 1976 die
1077 1934 1239 1990 Aprilis
1261 1948 1372 1974 anno
1394 1932 1557 1974 domini
1579 1932 1806 1974 millesimo
1823 1931 1993 1980 clxxvi0,
2009 1936 2053 1972 et

512 2021 623 2046 anno
652 2005 861 2061 praedicti
893 2005 1006 2061 regis
1036 2003 1235 2045 vicesimo
1264 2002 1461 2052 secundo,
1483 2018 1581 2044 cum
1610 2002 1865 2058 praefuisset
1893 2001 2053 2042 ibidem

513 2075 583 2116 xvi
615 2075 760 2124 annis3
792 2075 1074 2130 sepultusque
1107 2079 1172 2114 est
1202 2072 1244 2113 in
1276 2072 1456 2113 australi
1487 2077 1611 2127 parte
1643 2071 1819 2113 claustri
1848 2071 1927 2112 sub
1958 2070 2055 2111 albo

513 2143 654 2199 lapide
678 2158 923 2192 marmoreo,
946 2157 1043 2183 cum
1066 2141 1256 2197 imagine
1283 2140 1418 2196 ipsius
1450 2140 1827 2196 supercomposita,
1849 2139 1903 2180 ad
1924 2138 2055 2195 pedes

514 2211 747 2253 Gisleberti
769 2211 950 2260 abbatis,
975 2225 1074 2251 cum
1100 2209 1196 2251 istis
1225 2209 1418 2250 versibus
1447 2209 1491 2249 in
1514 2224 1722 2250 marmore
1745 2207 1925 2263 sculptis
1946 2207 2056 2248 circa
2075 2222 2114 2251 ²5

515 2282 736 2323 tumbam:

630 2360 861 2404 Clauditur
892 2360 971 2401 hoc
1004 2360 1173 2400 tumulo
1206 2358 1270 2399 vir
1300 2358 1516 2414 quondam
1548 2358 1686 2399 clarus
1717 2357 1761 2398 in
1793 2357 1905 2406 orbe,

689 2445 773 2485 quo
804 2434 927 2485 patre
959 2429 1097 2470 clarus
1129 2434 1221 2469 erat
1253 2427 1321 2468 hic
1353 2428 1479 2478 locus,
1511 2433 1577 2468 est
1608 2434 1652 2468 et
1683 2426 1776 2468 erit.

630 2514 705 2556 pro
738 2498 903 2540 meritis
936 2497 1049 2539 vitae
1082 2497 1203 2538 dedit
1234 2497 1273 2538 ei
1305 2498 1450 2538 laurea
1481 2511 1661 2548 nomen3

689 2569 817 2610 detur
848 2568 887 2609 ei
921 2567 1034 2609 vitae
1068 2568 1212 2608 laurea
1243 2582 1319 2623 pro
1351 2566 1527 2608 meritis.
2077 2585 2118 2615 30

606 2651 685 2692 Pro
707 2650 773 2705 cuj
782 2665 830 2691 us
852 2649 1142 2691 anniversario
1165 2649 1389 2690 annuatim
1413 2648 1666 2690 celebrando
1687 2648 1963 2704 assignantur
1984 2662 2056 2689 sex

516 2736 682 2762 marcae
711 2720 763 2761 de
795 2719 976 2775 antiqua
1004 2719 1208 2775 pensione
1238 2719 1511 2760 ecclesiarum
1543 2719 1596 2760 de
1619 2718 1985 2760 Wendelesworth
2014 2723 2058 2759 et

518 2790 828 2846 Patricheseyc‚
876 2805 952 2845 per
1001 2789 1143 2845 ipsum
1194 2788 1567 2844 appropriat-arum
1617 2788 1671 2829 ad
1724 2803 1825 2829 usus
1877 2788 2057 2828 fratrum

516 2861 796 2901 infirmorum.
859 2858 961 2914 quia
982 2858 1034 2898 ad
1057 2873 1203 2899 curam
1228 2858 1495 2899 infirmorum
1518 2872 1686 2913 semper
1707 2857 1864 2898 direxit
1887 2857 2056 2897 oculum

517 2928 706 2985 pietatis,
736 2928 779 2968 in
810 2944 853 2969 se
885 2927 1126 2983 recogitans
1158 2927 1264 2968 illud
1297 2927 1413 2968 beati
1447 2926 1671 2968 Benedicti
1704 2925 1748 2966 in
1779 2926 1928 2981 regula
1958 2940 2058 2966 sua:
2078 2939 2117 2970 35

518 2997 791 3038 Infirmorum
818 3012 918 3038 cura
946 3003 1048 3037 ante
1074 2996 1217 3037 omnia
1246 3002 1290 3037 et
1319 3011 1447 3051 super
1468 2995 1610 3036 omnia
1638 2994 1882 3035 adhibenda
1910 3000 1987 3043 est,
2009 3002 2059 3036 ut

518 3066 630 3108 sicut
663 3081 809 3107 revera
842 3065 1017 3108 Christo
1050 3065 1113 3106 ita
1147 3065 1208 3106 eis
1239 3065 1460 3106 serviatur.
1522 3063 1758 3120 assignavit
1790 3063 1922 3105 etiam
1955 3063 2059 3104 xviii

584 3181 602 3210 4
626 3179 818 3220 perhiberet
835 3180 876 3211 W
894 3180 964 3221 (sed
979 3190 1063 3211 corr.
1081 3190 1183 3220 snpra
1208 3179 1292 3221 lim).
1519 3179 1559 3209 10
1584 3179 1699 3218 super]
1717 3177 1775 3217 Sp.
1794 3176 1901 3210 Circ.:
1926 3187 1987 3208 om.
2005 3176 2058 3208 W.

520 3234 559 3263 13
571 3233 593 3264 f.
635 3231 858 3271 nonagesimo
888 3232 1049 3272 septimo]
1075 3231 1181 3263 Circ.:
1217 3230 1340 3262 lxxvii⁰
1366 3230 1408 3261 W
1438 3229 1496 3270 Sp.
1738 3230 1779 3260 23
1819 3239 1878 3260 om.
1903 3227 1981 3260 albo
2004 3227 2058 3260 W.

519 3287 560 3318 24
599 3284 1090 3326 supercomposita]÷absque
1115 3282 1219 3314 mitra
1248 3282 1306 3322 Sp.
1538 3282 1579 3312 25
1618 3290 1811 3313 marmoreo
1839 3279 1978 3320 scriptis
2006 3280 2058 3312 W.

519 3340 560 3369 33
584 3336 813 3376 appropriatis
831 3336 871 3366 W
890 3337 948 3377 Sp.
