2385 3891
57 623 124 656 and
141 622 231 654 finds

60 667 116 699 the
133 665 225 705 signs
238 666 279 714 ⁸of

59 711 304 743 consecration.

60 1521 274 1562 Subsequent

60 1565 188 1605 neglect
205 1566 241 1597 of

60 1608 117 1640 the
132 1608 269 1640 church.

61 1735 111 1766 Its
127 1735 250 1767 revival

62 1778 168 1811 under
182 1779 220 1811 Κ.
235 1779 321 1811 Offa.

61 2003 98 2036 V.
140 2003 243 2034 From

60 2046 118 2078 the
135 2051 142 2064 ⁴
151 2046 252 2078 Liber

59 2090 208 2130 Regius.'

62 2220 102 2251 Κ.
121 2220 239 2252 Sebert

61 2262 174 2294 builds
190 2274 210 2295 a

60 2306 188 2338 church
206 2307 257 2338 for

63 2349 100 2382 St
117 2350 224 2382 Peter.

664 409 769 458 The
808 410 1178 459 Consccratz‘on
1214 411 1278 473 by
1313 414 1371 460 Sc
1407 412 1562 460 Peter
1809 415 1872 459 43

338 536 529 591 apostolo
569 550 700 591 agens
736 535 980 577 laetabatur
1015 552 1058 577 sc
1096 537 1320 578 memorari
1358 544 1402 578 et
1440 537 1653 579 munerari
1690 553 1715 579 a
1752 544 1873 579 tanto

339 605 550 646 caelorum
592 605 794 661 principe.
871 605 1116 660 ingrediens
1157 612 1304 647 autem
1346 606 1579 656 ecclesiam,
1620 607 1695 648 ubi
1736 607 1874 649 oravit

339 674 604 730 diligentius,
625 675 833 716 circuiens
862 682 906 716 ct
938 675 1113 717 intuens
1141 676 1327 731 parietes
1355 692 1472 718 sacro
1493 677 1684 733 signatos
1706 677 1874 718 invenit

340 744 581 793 chrismate,
598 750 642 786 et
664 744 787 800 signa
803 744 1038 786 defixarum
1062 745 1334 787 candelarum
1358 747 1611 803 apparentia
1632 747 1677 788 in
1698 747 1874 802 pariete.

341 814 492 855 excitis
513 829 613 869 ergo
635 814 834 856 omnibus
856 814 1046 870 undique
1068 830 1093 855 a
1114 815 1269 870 plateis
1291 822 1335 857 et
1358 816 1472 865 vicis,
1488 831 1513 857 a
1534 816 1710 858 civitate
1732 832 1874 858 occur-

342 883 451 924 ritur
481 889 526 925 et
556 883 746 939 oppidis3
783 884 1034 939 devotisque
1066 890 1215 925 assunt
1246 885 1401 926 animis
1434 885 1657 927 missarum
1689 886 1873 927 celebra-

341 952 448 994 tioni
477 953 555 994 deo
584 953 709 994 electi
731 953 962 1009 praesulis3
993 953 1225 1009 habitoque
1251 969 1443 996 sermone
1465 955 1517 996 de
1546 971 1590 996 re
1613 961 1735 1012 gesta
1757 962 1801 997 et
1822 956 1874 997 de

340 1021 515 1078 reliquis
536 1022 776 1063 animarum
794 1022 1067 1078 profectibus,
1089 1022 1354 1065 suscitantur
1370 1025 1646 1080 quamplures
1666 1025 1720 1066 ad
1743 1026 1874 1067 laeta-

340 1092 506 1133 bundos
527 1092 623 1148 piae
645 1092 985 1148 compunctionis
1006 1092 1207 1148 gemituS,
1227 1093 1474 1149 gratiasque
1502 1094 1581 1135 deo
1612 1101 1656 1135 et
1684 1095 1875 1150 apostolo

341 1177 416 1203 suo
447 1168 625 1218 agentes
656 1177 753 1203 cum
786 1162 938 1203 festivo
973 1162 1130 1218 gaudio
1167 1163 1348 1218 propriis
1379 1163 1665 1204 remittuntur
1695 1163 1876 1219 quisque

342 1232 645 1274 mansionibus.
721 1238 966 1273 consecrata
997 1231 1174 1273 ecclesia
1210 1238 1260 1273 ut
1290 1247 1400 1273 nova
1431 1232 1499 1273 dei
1532 1247 1686 1288 sponsa
1717 1248 1873 1273 novum

342 1316 495 1342 nomen
534 1300 749 1351 obtinuit;
791 1307 1001 1356 vetusque
1042 1315 1198 1342 nomen
1235 1301 1496 1357 Thorneyae,
1538 1301 1581 1342 id
1623 1308 1688 1343 est
1729 1301 1877 1357 spinae

341 1370 492 1420 insula,
509 1371 666 1420 amisit,
684 1376 728 1412 et
744 1386 769 1411 a
790 1370 979 1412 civitatis
997 1371 1084 1412 situ
1107 1370 1368 1413 occidentale
1391 1371 1699 1413 monasterium
1722 1387 1876 1413 nomen

340 1439 515 1496 accepit,
537 1445 616 1482 etc.

427 1510 539 1551 Acta
559 1514 662 1551 sunt
684 1509 787 1550 haec
809 1508 921 1565 regis
943 1508 1269 1551 Cantuariensis
1296 1509 1541 1551 Ethelberti
1563 1516 1772 1566 tempore:
1794 1526 1877 1566 quo

342 1579 476 1621 totius
497 1579 634 1620 carnis
656 1578 769 1620 viam
791 1578 982 1634 ingresso
1004 1579 1238 1635 multisque
1267 1579 1358 1635 ejus
1388 1595 1439 1621 ex
1462 1580 1608 1621 ordine
1630 1580 1878 1621 successori-

341 1649 422 1691 bus
457 1649 750 1705 negligentius
782 1649 931 1691 habita
963 1655 1028 1691 est
1060 1649 1209 1691 eadem
1246 1649 1434 1699 ecclesia,
1469 1656 1621 1707 utpote
1652 1665 1738 1691 non
1774 1651 1879 1692 adeo

342 1734 508 1776 magna,
560 1734 694 1775 usque
744 1719 798 1760 ad
848 1734 1029 1776 regnum
1080 1719 1192 1776 regis
1243 1719 1377 1769 Offae,
1425 1719 1538 1776 regis
1589 1719 1877 1762 Orientalium

342 1789 572 1831 Saxonum.
635 1789 703 1830 hic
744 1788 891 1845 itaque
932 1788 1186 1845 diligentius
1227 1789 1369 1830 colens
1409 1789 1591 1845 apostoli
1628 1789 1877 1831 memoriam

342 1873 467 1914 opere
498 1857 723 1914 ampliavit
745 1857 976 1899 ecclesiam.
1098 1857 1217 1898 Haec
1239 1857 1482 1899 Sulcardus.

430 1996 683 2053 Capitulum
726 1996 939 2052 quintum.
1001 1997 1067 2038 De
1109 1996 1258 2038 eadem
1301 1996 1492 2047 materia,
1526 2003 1575 2039 ut
1613 1997 1798 2039 habetur
1836 1997 1881 2038 in

343 2067 527 2123 quadam
563 2066 760 2108 chronica
790 2082 900 2122 quae
933 2066 1185 2108 intitulatur
1218 2066 1348 2108 Liber
1378 2067 1563 2123 Regius:
1605 2067 1712 2109 libro
1743 2067 1881 2123 primo

342 2152 473 2193 prope
504 2137 644 2179 finem.

431 2212 570 2268 Reges
584 2217 730 2253 autem
749 2211 1038 2253 Orientalium
1054 2211 1273 2253 Saxonum
1292 2212 1627 2253 dominabantur
1643 2212 1688 2253 in
1706 2213 1882 2254 Essexia

343 2287 387 2322 et
424 2280 706 2322 Middlesexia
747 2286 790 2321 et
828 2279 1008 2321 dimidia
1050 2280 1310 2322 Hertfordia.
1371 2281 1415 2322 in
1453 2281 1518 2323 his
1554 2281 1701 2337 itaque
1742 2281 1881 2337 plagis

343 2350 539 2406 regnavit
568 2350 783 2406 quondam
814 2350 1022 2392 Sebertus
1054 2366 1140 2400 rex,
1161 2351 1236 2407 qui
1265 2366 1363 2393 cum
1393 2352 1604 2393 avunculo
1630 2367 1706 2393 suo
1733 2352 1881 2393 Ethel-

343 2419 465 2460 berto
517 2418 849 2461 Cantuariorum
897 2434 996 2475 rege
1043 2425 1324 2475 utrorumque
1371 2420 1618 2476 proceribus
1664 2436 1689 2461 a
1734 2427 1881 2462 sancto

63 2492 112 2525 Cf.
128 2493 278 2525 Riehard
291 2494 328 2525 of
347 2488 590 2544 Augustino
608 2488 853 2544 baptizatus
874 2488 918 2529 in
941 2488 1193 2530 occidentali
1212 2490 1457 2531 Londoniae
1474 2496 1608 2545 parte,
1625 2491 1677 2532 de
1695 2491 1880 2546 quodam

63 2536 274 2568 Cirencester

62 2589 74 2610 1
91 2581 209 2612 92-95.

66 2771 136 2803 The
153 2772 285 2812 apostle

64 2824 177 2846 comes
193 2818 228 2846 to

64 2862 258 2890 consecrate
275 2858 312 2890 it.

345 2558 442 2598 fano
467 2557 579 2613 quod
613 2564 716 2598 tunc
747 2557 960 2613 Apollinis
990 2557 1233 2598 habebatur
1261 2564 1305 2599 et
1335 2559 1450 2599 locus
1478 2559 1703 2614 Thorneya
1728 2559 1880 2608 dictus,

345 2625 563 2666 basilicam
606 2625 685 2666 deo
726 2631 770 2666 et
811 2631 957 2666 sancto
1000 2626 1127 2667 Petro
1165 2626 1400 2676 fabricavit,
1437 2633 1669 2682 sanctoque
1712 2628 1880 2669 Mellito
1905 2642 1916 2653 ⁷

346 2694 634 2735 Londoniensi
656 2694 852 2750 episcopo
878 2695 1156 2736 dedicandam
1188 2696 1515 2738 commendavit.
1578 2696 1651 2752 qui
1684 2712 1779 2738 cum
1811 2697 1879 2739 die

346 2769 513 2805 statuta
553 2763 738 2819 quadam
779 2763 992 2805 dominica
1034 2779 1127 2805 eam
1177 2765 1373 2806 dedicare
1421 2765 1714 2821 disposuisset,
1756 2773 1879 2808 nocte

346 2833 627 2889 praecedente
660 2832 829 2874 cuidam
871 2833 1072 2888 piscatori
1107 2833 1259 2874 Edrico
1301 2834 1473 2875 nomine
1510 2841 1684 2876 sanctus
1728 2836 1880 2877 Petrus

345 2917 565 2958 apparens,
597 2907 641 2943 et
672 2901 792 2958 quasi
825 2903 1018 2943 mercede
1050 2909 1271 2959 compacta
1303 2903 1347 2944 in
1376 2904 1573 2945 navicula
1602 2920 1699 2946 cum
1731 2905 1879 2947 eodem

345 2971 554 3027 piscatore
576 2972 862 3014 Thamensem
885 2973 1065 3014 fluvium
1090 2974 1384 3023 transfretans,
1400 2975 1637 3030 praefatam
1660 2975 1879 3017 basilicam

345 3057 442 3083 cum
464 3042 714 3084 caelestium
743 3042 951 3084 comitatu
984 3048 1027 3084 et
1060 3043 1258 3085 laudibus
1289 3044 1505 3100 angelicis,
1528 3044 1702 3085 vidente
1725 3050 1880 3086 treme-

343 3111 490 3152 bundo
521 3111 843 3167 praenominato
874 3112 1094 3168 piscatore,
1124 3113 1202 3154 deo
1234 3120 1278 3154 et
1309 3113 1390 3154 sibi
1422 3114 1694 3156 consecravit.
1756 3130 1880 3155 manc

412 3232 452 3263 10
475 3231 599 3271 quique
617 3232 688 3262 Sul.
866 3234 906 3263 13
931 3234 1112 3273 a]÷vento
1130 3234 1180 3265 vel
1199 3234 1270 3265 Sul.
1450 3234 1488 3264 16
1513 3233 1880 3274 ejus—negligentius]

347 3283 436 3315 Sul.:
462 3282 679 3323 negligentiis
695 3283 769 3315 DW
788 3283 845 3324 Sp.
1023 3285 1063 3315 33
1088 3285 1229 3316 nomine
1246 3284 1393 3316 Eadrico
1411 3284 1499 3317 Circ.

1900 1178 1937 1199 10

1900 1870 1941 1891 20

1902 2296 1940 2327 25

1902 2987 1939 3017 35
