2385 3891
900 390 1015 439 Le'st
1051 391 1120 454 of
1144 392 1314 440 Belias·
1915 396 1975 439 19

243 514 347 556 with
371 515 526 556 Flete's
555 515 639 565 list,
659 531 685 556 a
711 515 941 558 document
970 518 1016 558 of
1043 516 1116 558 the
1149 518 1394 560 fourteenth
1424 523 1615 573 century,
1636 517 1860 572 preserved
1888 516 1930 557 in
1952 532 1977 557 a

243 582 473 624 mutilated
495 582 713 624 condition
734 598 788 624 on
809 599 834 624 a
855 583 977 626 sheet
999 585 1045 625 of
1060 600 1192 641 paper
1212 585 1409 638 (Munim.
1434 585 1583 627 Coron.
1608 587 1703 635 111):

313 667 373 702 Ad
396 667 611 702 evitandum
638 669 758 702 maius
782 669 986 714 periculum
1010 670 1054 704 de
1078 669 1260 715 regalibus
1281 670 1509 704 ornamentis
1531 670 1650 704 sancti
1678 670 1772 714 regis
1795 668 1977 710 Edwardi‚

243 723 281 757 in
307 722 443 768 quibus
466 724 513 758 ab
536 725 692 770 antiquo
715 725 882 760 defectus
906 725 1200 768 inveniebantur,
1226 727 1288 771 qui
1314 727 1462 760 fuerant
1487 729 1574 761 ante
1598 738 1737 760 annum
1764 725 1978 770 pestilencie

245 780 434 825 generalis,
455 781 625 816 videlicet
643 794 782 817 annum
801 782 940 817 domini
961 789 1189 825 mcccxillxm,
1209 795 1254 817 ne
1278 783 1435 828 posteris
1460 783 1704 828 imputentur,
1723 782 1775 816 sic
1793 781 1979 827 descripta

243 840 333 872 sunt
350 837 388 872 in
415 839 578 873 crastino
599 839 851 884 Reliquiarum
870 851 967 873 anno
985 839 1104 884 gracie
1123 846 1303 873 MCCCL1x⁰
1319 838 1404 885 r'per
1421 839 1543 873 visum
1568 839 1726 872 fratrum
1753 838 1785 872 J.
1808 837 1974 883 Redyng.

242 892 276 927 J.
297 892 513 936 Bokenhuu,
531 893 565 928 J.
586 894 779 930 Amndev.
2021 890 2041 920 5

314 948 358 982 In
384 948 514 993 primis
535 948 799 984 ‘'invenerunt''
821 950 831 983 i
856 950 1022 984 tunicam
1049 961 1272 995 purpuream
1298 950 1343 984 de
1368 950 1489 984 samit.
1544 950 1640 984 Item
1666 949 1675 983 i
1699 949 1977 994 supertunicam

243 1004 336 1049 nigri
371 1009 496 1038 samut
531 1004 725 1039 brudatam
762 1017 851 1039 auro
884 1017 949 1050 per
982 1008 1116 1047 totum,
1152 1005 1323 1039 videlicet
1356 1004 1592 1050 ymaginibus
1628 1008 1666 1038 et
1705 1004 1787 1039 aliis
1824 1004 1978 1039 diversis

243 1060 424 1106 operibus,
443 1073 527 1096 cum
547 1062 557 1096 i
576 1063 751 1107 pectorali
770 1065 964 1097 aurotexto
981 1062 1027 1097 ad
1046 1062 1197 1096 modum
1216 1062 1370 1096 cathene
1388 1073 1471 1095 cum
1490 1061 1632 1095 labellis
1649 1061 1828 1095 amelatis.
1882 1061 1978 1095 Item

243 1116 254 1150 i
272 1116 456 1150 armillam
475 1117 610 1151 veteris
633 1118 754 1162 operis
777 1120 1009 1152 aurotextam
1034 1129 1118 1152 cum
1143 1117 1307 1152 scutellis
1332 1116 1585 1161 leopardorum
1605 1118 1642 1150 et
1661 1116 1787 1158 vineis,
1806 1128 1847 1150 ac
1865 1117 1977 1150 etiam

242 1170 368 1206 decem
393 1172 547 1206 nouchis
570 1173 701 1215 aureis,
721 1172 927 1218 triphatam
951 1177 989 1208 et
1007 1176 1176 1208 ornatam
1201 1173 1346 1218 lapillis,
1365 1183 1524 1217 quorum
1548 1171 1665 1205 maior
1688 1171 1725 1205 in
1745 1171 1875 1215 medio,
1895 1183 1978 1206 cum
2001 1170 2044 1202 lO

242 1229 281 1264 iii
308 1231 530 1275 pendulibus
560 1231 722 1266 eiusdem
754 1232 873 1264 secte:
899 1229 937 1263 in
965 1240 1040 1273 qua
1065 1228 1210 1263 armilla
1239 1229 1416 1263 deficiunt
1441 1228 1480 1262 iii
1506 1227 1661 1261 nouchis
1685 1230 1723 1261 et
1748 1227 1785 1261 in
1810 1230 1890 1262 toto
1916 1227 1979 1261 viii

242 1285 358 1331 lapilli
388 1286 537 1331 debiles,
566 1290 604 1321 et
632 1286 816 1331 frangitur
842 1285 853 1319 i
883 1285 1042 1330 pendule
1072 1285 1109 1319 in
1140 1285 1358 1319 summitate
1391 1284 1479 1318 eius
1532 1283 1630 1317 Item
1660 1283 1671 1317 i
1701 1282 1855 1328 pallium
1886 1283 1979 1327 nigri

243 1344 355 1377 samit
372 1346 606 1378 aurotextum
627 1354 691 1388 per
707 1345 830 1376 totum
849 1344 1023 1376 ornatum
1040 1353 1105 1387 per
1122 1342 1319 1376 circuitum
1337 1340 1546 1385 aurifragiis
1564 1339 1824 1386 [ge]mmatum
1842 1339 1980 1384 perillis

243 1400 453 1445 margaritis
470 1403 508 1434 et
525 1400 616 1434 aliis.
670 1400 767 1434 Item
791 1399 801 1432 i
826 1410 893 1443 par
915 1398 1157 1432 cirotecamm
1183 1398 1384 1432 eericarum
1411 1399 1585 1431 ornatum
1611 1395 1820 1440 aurifragiis
1845 1396 1978 1440 parvis.

245 1455 341 1490 Item
375 1467 442 1501 par
480 1455 680 1500 caligarum
719 1456 999 1488 aurctextarum
1038 1453 1329 1498 stragulatarum
1368 1463 1411 1486 ex
1450 1456 1670 1485 transverse.
1740 1450 1836 1484 Item
1870 1451 1880 1484 i
1915 1462 1981 1496 par
2002 1452 2043 1483 15

242 1510 462 1545 sotularium
492 1511 743 1556 antiquorum.
796 1509 892 1543 Item
920 1509 931 1542 i
962 1512 1154 1554 pectenem
1188 1508 1402 1543 eburneum.
1455 1506 1552 1541 Item
1582 1506 1593 1540 i
1624 1517 1795 1540 coronam
1830 1518 1977 1540 auream

243 1565 378 1600 bonam
401 1566 607 1611 triphatam
625 1569 663 1600 et
680 1568 849 1599 ornatam
868 1576 932 1609 per
949 1567 1072 1599 totum
1090 1564 1247 1609 gemmis
1264 1568 1302 1598 et
1319 1556 1471 1597 amellis.
1525 1561 1622 1596 Item
1640 1561 1651 1594 i
1669 1561 1810 1595 coclear
1826 1561 1980 1605 antique

243 1623 368 1657 forme.
422 1622 519 1657 Item
545 1622 555 1656 i
582 1626 750 1667 ceptrum
784 1633 938 1655 aureum
972 1624 1144 1655 ornatum
1172 1620 1328 1666 gemmis
1357 1624 1395 1654 et
1425 1618 1563 1664 perillis
1591 1618 1811 1662 margaritis,
1839 1618 1876 1652 in
1906 1629 1980 1662 quo

243 1679 420 1714 deficiunt
459 1679 543 1714 iiii01‘
575 1678 753 1724 pendules
786 1678 824 1712 in
858 1678 1078 1712 summitate
1111 1677 1156 1712 de
1195 1676 1335 1722 pei-illis
1375 1674 1594 1720 margaritis.
1663 1674 1760 1709 Item
1794 1674 1804 1707 i
1840 1674 1979 1718 virgam

243 1735 419 1770 calibeam
447 1736 664 1770 deauratam
692 1734 892 1769 habentem
920 1735 958 1768 in
986 1735 1204 1769 summitate
1233 1733 1384 1767 floculos
1413 1732 1460 1767 ad
1488 1731 1640 1766 modum
1674 1730 1827 1776 glogelli.
1881 1731 1977 1764 Item
2000 1730 2044 1761 :20

243 1792 354 1827 aliam
372 1792 602 1827 discoloratis
620 1792 733 1837 peciis
757 1794 936 1833 ornatam,
955 1790 1155 1825 habentem
1174 1790 1212 1824 in
1230 1789 1448 1824 summitate
1466 1788 1652 1823 volucrem
1670 1799 1829 1822 auream.
1882 1787 1979 1821 Item

244 1848 355 1882 aliam
382 1848 524 1893 virgam
553 1847 711 1892 ligneam
742 1850 953 1892 coopertam
983 1846 1074 1881 tecis
1103 1845 1256 1892 a[u]reis
1289 1845 1488 1880 habentem
1522 1845 1561 1878 in
1590 1844 1809 1878 summitate
1841 1843 1978 1877 nodum

245 1916 397 1938 aureum
436 1916 520 1938 cum
555 1903 701 1937 volucre
739 1903 896 1948 desuper
929 1914 1049 1946 aurea,
1084 1906 1255 1937 ornatam
1289 1901 1339 1936 vii
1372 1901 1554 1947 triphuris
1587 1912 1746 1946 quorum
1779 1899 1852 1934 duo
1890 1903 1980 1934 sunt

244 1962 440 2005 gemmata.
493 1959 588 1994 Item
620 1959 630 1993 i
662 1962 829 2004 ceptrum
860 1962 1076 2003 argenteum
1109 1958 1328 1993 deauratum
1360 1970 1425 2004 pro
1456 1958 1588 2003 regina.
1637 1957 1758 1992 ''Item
1788 1957 1799 1991 i
1828 1956 1979 1991 calicem

244 2016 430 2061 lapideum
449 2026 532 2049 cum
551 2014 642 2060 pede
659 2017 697 2049 et
714 2018 850 2060 patena
867 2014 998 2049 aureis.
1999 2009 2042 2040 25

316 2071 410 2105 Item
431 2070 442 2104 i
459 2081 604 2104 crucem
622 2073 759 2104 tectam
778 2070 890 2115 platis
907 2070 1038 2113 aureis,
1057 2070 1309 2116 triphuratani
1327 2073 1364 2104 et
1381 2072 1607 2114 gemmatam
1625 2069 1662 2103 in
1681 2071 1787 2114 parte
1803 2067 1979 2102 anteriori

243 2130 281 2161 et
299 2126 336 2160 in
354 2125 462 2160 dorso
485 2125 587 2170 plata
609 2128 782 2169 argentea
805 2125 1016 2169 amelatam,
1035 2129 1072 2160 et
1089 2131 1259 2160 vocatam
1283 2125 1383 2159 Crux
1402 2127 1535 2159 natans
1559 2124 1711 2159 inventa
1733 2123 1922 2169 quondam
1941 2123 1979 2156 in

244 2182 336 2217 mari
353 2194 376 2216 a
392 2182 492 2217 dicto
514 2184 643 2216 sancto
667 2181 846 2216 Edwardo
864 2195 871 2223 ;
898 2182 934 2216 in
954 2194 1028 2226 qua
1051 2182 1229 2216 deficiunt
1247 2182 1283 2216 iii
1304 2181 1445 2226 lapides
1468 2181 1504 2215 in
1525 2180 1616 2226 pede
1634 2184 1670 2215 et
1689 2181 1699 2214 i
1718 2181 1755 2214 in
1774 2180 1846 2214 fine
1863 2179 1980 2224 partis

243 2239 392 2274 sinistre
409 2251 416 2280 ;
442 2238 531 2273 item
557 2250 642 2283 pars
665 2238 765 2283 plate
788 2249 897 2272 auree
920 2238 958 2272 in
977 2237 1068 2283 pede
1085 2237 1131 2283 ad
1149 2249 1360 2272 mensuram
1386 2237 1497 2271 unius
1514 2236 1644 2281 policis
1661 2240 1698 2270 et
1716 2236 1753 2270 in
1772 2236 1843 2270 fine
1861 2235 1980 2281 partis

242 2296 391 2331 sinistre
409 2296 445 2330 in
464 2295 571 2330 dorso
590 2296 600 2330 i
618 2295 720 2340 plata
738 2299 911 2340 argentea
928 2307 971 2330 ex
989 2299 1200 2329 transverso
1208 2294 1229 2329 ἶ
1999 2291 2044 2324 30

315 2351 595 2385 Memorandum
630 2350 728 2395 quod
758 2351 796 2384 in
826 2350 1066 2385 coronacione
1097 2350 1206 2396 Regis
1238 2349 1385 2384 Ricardi
1420 2347 1578 2383 Secundi
1610 2351 1694 2393 post
1723 2350 1979 2392 conquestum,

243 2420 340 2442 anno
365 2407 509 2454 [etati]s
534 2419 598 2442 sue
621 2407 825 2450 xi¹1¹⁰‚circa
850 2407 1055 2452 solempnia
1078 2419 1151 2451 que
1173 2406 1219 2440 ad
1243 2405 1521 2440 coronae-ionem
1548 2404 1713 2439 eiusdem
1739 2404 1980 2449 requiruntur

243 2463 352 2498 multi
381 2462 548 2497 defectus
577 2462 827 2507 requiruntur.
879 2463 917 2496 in
948 2462 1079 2507 primis
1109 2474 1206 2496 unus
1239 2461 1414 2496 sotularis
1443 2461 1572 2495 dexter
1605 2459 1772 2505 perditus
1801 2463 1881 2493 erat
1916 2470 1981 2504 per

244 2518 506 2564 negligenciam
536 2520 574 2552 et
600 2517 785 2552 defectum
819 2517 959 2551 domini
995 2517 1156 2551 Simonis
1187 2517 1296 2551 Burle
1328 2516 1468 2559 militis,
1496 2516 1560 2560 qui
1590 2515 1731 2549 dictum
1764 2515 1899 2558 Regem
1933 2513 1980 2548 ab

242 2575 404 2619 ecclesia,
430 2575 570 2609 scilicet
595 2574 673 2608 loco
704 2573 954 2608 coronacionis
981 2585 1055 2615 sue,
1084 2572 1131 2607 ad
1158 2572 1341 2617 palacium
1372 2583 1481 2606 suum
1511 2574 1640 2605 contra
1673 2570 1977 2604 consuetudinem
1999 2570 2042 2602 35

243 2631 438 2674 antiquam
467 2629 632 2663 humeris
661 2628 738 2662 suis
772 2628 945 2672 portavit,
973 2626 1120 2661 Abbate
1146 2627 1214 2661 loci
1249 2627 1482 2661 reclamante.
1534 2625 1655 2659 Ceteri
1681 2624 1846 2658 defectus
1872 2628 1914 2658 ut
1941 2624 1977 2658 in

243 2691 388 2732 sceptro
413 2690 450 2721 et
476 2686 514 2721 in
540 2685 624 2720 aliis
649 2684 818 2730 insigniis
853 2683 1036 2728 regalibus
1069 2683 1265 2718 manifeste
1299 2685 1430 2728 patent
1456 2681 1502 2716 ad
1529 2681 1686 2723 oculum,
1713 2692 1785 2725 que
1812 2680 1979 2725 indigent

242 2742 497 2788 reparacionis.

806 2788 874 2833 (ad
887 2787 1002 2834 finem
1021 2787 1199 2833 pctyincze)
1227 2786 1349 2821 Verte.

803 2847 847 2889 (et
872 2843 912 2877 in
937 2843 1050 2886 dorso,
1076 2848 1115 2876 ut
1140 2842 1331 2888 sequiturs)
1998 2842 2043 2873 40

316 2900 402 2935 Ideo
429 2899 654 2944 loquendum
684 2902 741 2933 est
767 2898 867 2933 dicto
897 2898 986 2943 Regi
1015 2897 1181 2941 Ricardo,
1208 2908 1292 2931 cum
1318 2908 1423 2931 suam
1450 2895 1658 2941 pervenerit
1683 2893 1729 2928 ad
1759 2897 1908 2936 etatem,
1935 2896 1978 2927 ut

242 2954 453 2989 huiusmodi
471 2954 636 2988 defectus
653 2954 717 2999 qui
736 2958 901 2999 tempore
919 2965 986 2988 suo
1003 2953 1239 2998 contigerunt
1256 2955 1483 2997 reparentur.

307 3035 336 3074 4,
364 3036 383 3066 5
407 3044 467 3075 per
483 3033 805 3074 visum—Arundel]
823 3034 859 3064 in
877 3044 896 3065 a
913 3037 1174 3074 contemporary
1191 3032 1297 3069 hand,
1316 3031 1376 3063 but
1393 3031 1552 3063 different
1568 3031 1638 3061 ink.

307 3087 326 3117 6
349 3086 569 3126 invenerunt]
593 3085 698 3117 above
722 3085 801 3122 line,
827 3085 984 3116 different
1007 3085 1079 3116 ink.

307 3139 346 3168 11
371 3137 590 3177 pendulibus]
613 3143 650 3168 ut
674 3138 817 3168 videtur.
1126 3138 1164 3167 12
1188 3135 1344 3176 penduli.
1672 3135 1712 3164 22
1736 3133 1823 3164 areis
1848 3133 1933 3172 (sic).

306 3190 435 3221 24—30
458 3189 545 3220 Item
569 3189 581 3220 i
605 3188 1004 3228 calicem—transverso]
1029 3188 1135 3219 added
1159 3187 1194 3218 in
1219 3187 1378 3218 different
1402 3186 1473 3218 ink.

306 3241 434 3273 31-42
459 3240 500 3272 In
517 3240 663 3272 another
679 3240 772 3272 hand
788 3241 825 3272 of
839 3241 941 3272 about
958 3241 1016 3272 the
1034 3251 1127 3272 same
1143 3240 1234 3272 date.

1793 3301 1883 3333 :2—:2
