2385 3891
117 811 255 850 Martin,

114 857 224 887 rector
239 856 276 887 of

114 898 350 939 Rotherhithe,

114 941 177 973 has
192 944 373 982 prevented

113 984 168 1016 his
187 986 377 1024 parishion-

112 1038 164 1060 ers
182 1029 268 1060 from

112 1072 237 1112 paying
254 1073 311 1105 the

112 1115 200 1147 tithe
217 1117 252 1147 of

113 1158 246 1190 salmon
263 1162 299 1191 to

111 1201 169 1234 the
184 1203 310 1244 Abbey.

108 1503 161 1535 He
178 1504 206 1535 is
224 1507 258 1536 to
275 1504 361 1537 have

107 1546 191 1585 half,
208 1548 277 1580 and
294 1549 352 1581 the

107 1590 222 1632 Abbey
237 1592 322 1624 half.

100 2836 201 2868 From

101 2879 261 2912 Giraldus

97 2922 313 2956 Cambrensis

99 2966 268 3008 Topoqrup
273 2970 290 2999 h
297 2970 349 3001 ιέιι

96 3010 132 3040 H
136 3011 280 3043 [hernica

99 3052 204 3090 (Rons
222 3054 332 3087 Series

96 3106 115 3127 v
133 3097 220 3139 125).
258 3111 266 3117 -

860 403 964 453 The
1005 404 1155 454 Te’tlee
1191 405 1259 469 of
1280 406 1498 456 Salomon
1880 408 1942 458 67

490 524 634 579 Hujus
667 524 801 581 igitur
831 526 1089 568 auctoritate
1122 528 1314 569 mandati
1346 529 1542 584 partibus
1573 544 1712 570 coram
1745 529 1867 571 nobis
1898 529 1942 570 111

394 592 559 647 judicio
591 594 851 644 constitutis,
881 595 1013 637 abbas
1045 602 1089 637 et
1120 603 1356 639 conventus
1389 598 1762 640 Westmonasterii
1795 605 1942 640 contra

400 661 621 703 dominum
657 664 907 713 Martinum,
930 665 1150 706 ecclesiam
1174 666 1226 707 de
1256 666 1545 708 Retherhithe
1575 674 1679 709 tunc
1707 674 1942 724 regentem,

401 738 717 785 proposuerunt
749 733 861 788 quod
894 733 1006 773 idem
1041 733 1097 774 M.
1119 733 1255 775 dictos
1286 734 1489 776 abbatem
1521 745 1565 776 et
1596 742 1855 777 conventum
1887 736 1940 777 de

398 798 574 840 decimis
596 801 835 842 salmonum
862 808 1084 858 captorum
1114 803 1157 843 in
1184 804 1383 858 parochia
1410 805 1463 845 de
1496 805 1797 854 Retherhithe,
1818 821 1938 861 prae-

398 867 593 909 termisso
620 869 733 924 juris
761 870 919 919 ordine,
942 871 1154 926 spoliavit,
1176 872 1416 927 praedictas
1443 873 1629 915 decimas
1655 890 1680 915 a
1708 874 1939 929 praedictis

396 937 663 991 parochianis
692 939 831 980 dictae
861 941 1062 981 ecclesiae
1089 942 1393 997 extorquendo,
1420 948 1463 983 et
1499 958 1576 998 per
1599 943 1937 985 subtractionem

395 1005 638 1048 divinorum
682 1008 915 1050 inhibendo
958 1025 1011 1051 ne
1053 1010 1179 1051 dictis
1215 1011 1362 1052 abbati
1401 1019 1445 1053 et
1481 1013 1711 1054 conventui
1752 1013 1938 1054 decimas

397 1075 611 1118 solverent
665 1084 932 1120 memoratas.
1005 1079 1119 1120 unde
1170 1080 1393 1135 petierunt
1443 1081 1579 1123 dictas
1622 1082 1809 1123 decimas
1855 1083 1937 1124 sibi

395 1146 578 1197 restitui,
611 1153 655 1189 et
686 1149 998 1204 possessionem
1031 1165 1152 1190 suam
1184 1150 1265 1191 sibi
1298 1150 1465 1206 integre
1497 1152 1742 1202 reformari3
1783 1152 1935 1194 nihilo-

396 1216 538 1258 minus
584 1223 784 1273 petentes
835 1218 972 1259 eidem
1023 1219 1078 1260 M.
1123 1234 1252 1275 super
1296 1220 1507 1275 petitione
1559 1220 1771 1262 dictarum
1823 1221 1935 1262 deci-

395 1302 561 1328 marum
615 1293 873 1343 perpetuum
930 1288 1152 1329 silentium
1207 1289 1382 1345 imponi,
1433 1295 1477 1330 et
1531 1290 1586 1330 ab
1648 1289 1796 1330 eodem
1853 1290 1935 1331 sibi

393 1357 673 1398 sufficientem
707 1357 951 1399 cautionem
978 1358 1198 1413 praestari,
1224 1358 1337 1414 quod
1367 1358 1411 1399 in
1437 1364 1656 1414 posterum
1687 1359 1934 1401 nullatenus

392 1425 660 1480 parochianis
708 1426 848 1467 dictae
897 1426 1098 1467 ecclesiae
1142 1426 1358 1468 inhibebit
1409 1442 1462 1468 ne
1508 1427 1635 1468 dictis
1688 1427 1835 1469 abbati
1889 1436 1934 1471 et

391 1495 621 1536 conventui
654 1495 842 1537 decimas
873 1497 1041 1538 solvant
1075 1496 1351 1553 saepedictas.
1425 1504 1522 1553 post
1560 1498 1719 1539 multas
1752 1514 1849 1539 vero
1882 1515 1932 1540 ex

391 1570 573 1620 utraque
604 1571 726 1620 parte
758 1565 1038 1621 allegationes
1071 1566 1245 1607 tandem
1279 1566 1330 1607 lis
1359 1566 1474 1608 inter
1502 1581 1572 1607 eos
1599 1573 1715 1608 mota
1743 1568 1823 1609 sub
1855 1568 1932 1609 hac

391 1635 523 1675 forma
544 1634 660 1690 pacis
686 1635 973 1677 amicabiliter
1000 1636 1270 1692 conquievit:
1302 1636 1503 1678 videlicet
1525 1638 1639 1693 quod
1667 1638 1771 1679 dicti
1800 1639 1932 1680 abbas

390 1711 433 1746 et
462 1712 698 1747 conventus
729 1705 1101 1747 Westmonasterii
1133 1705 1414 1746 medietatem
1447 1706 1711 1747 decimarum
1737 1707 1931 1748 omnium

389 1775 629 1816 salmonum
656 1775 701 1816 in
729 1782 949 1831 posterum
979 1775 1024 1816 in
1050 1775 1165 1817 dicta
1190 1775 1391 1831 parochia
1416 1776 1469 1817 de
1497 1775 1786 1817 Retherhithe
1815 1777 1928 1832 capi-

389 1844 595 1885 endorum
612 1844 702 1886 sine
717 1845 1055 1886 contradictione
1069 1850 1146 1886 aut
1161 1844 1462 1886 reclamatione
1477 1844 1602 1901 alicuj
1610 1860 1659 1886 us
1672 1845 1912 1901 percipiant
1921 1860 1929 1897 3
1950 1861 1964 1881 2

388 1914 529 1955 dictus
552 1929 649 1955 vero
672 1914 728 1955 M.
746 1913 874 1954 aliam
897 1913 1176 1955 medietatem
1199 1913 1461 1955 decimarum
1484 1915 1723 1955 salmonum
1747 1914 1791 1955 in
1813 1914 1929 1956 dicta

388 1983 587 2039 parochia
615 1983 667 2025 de
693 1988 833 2024 cetero
862 1983 1165 2039 capiendorum
1196 1983 1415 2039 percipiet.
1476 1983 1530 2024 ad
1559 1984 1666 2024 hanc
1697 1999 1794 2025 vero
1816 1999 1927 2025 com-

387 2052 643 2107 positionem
677 2052 863 2094 fideliter
893 2052 1201 2093 observandam
1235 2053 1412 2094 sacrista
1446 2053 1820 2095 VVestmonasterii
1851 2069 1926 2110 pro

385 2121 541 2162 abbate
574 2127 617 2163 et
649 2127 862 2163 conventu
896 2122 1088 2177 ejusdem
1116 2122 1195 2162 loci
1226 2128 1271 2163 et
1299 2122 1544 2177 praedictus
1573 2123 1629 2164 M.
1652 2137 1727 2178 pro
1758 2138 1802 2164 se
1834 2123 1926 2178 ipso

384 2191 680 2232 affidaverunt.
754 2206 830 2232 nos
862 2206 960 2232 vero
991 2191 1085 2246 paci
1118 2197 1161 2232 et
1194 2191 1502 2246 tranquillitati
1534 2191 1759 2248 utriusque
1791 2192 1925 2248 partis

386 2260 661 2302 intendentes
702 2266 746 2301 et
787 2260 1062 2315 providentes
1098 2260 1151 2300 ad
1193 2260 1405 2301 dictarum
1442 2260 1633 2316 partium
1670 2261 1924 2302 instantiam

376 2329 723 2385 jurisdictionem
747 2335 937 2371 nostram
959 2329 1012 2370 ad
1034 2330 1211 2385 plenum
1235 2329 1557 2379 reservavimus,
1576 2336 1624 2371 ut
1642 2330 1768 2372 liceat
1791 2330 1924 2379 nobis,

383 2399 417 2440 si
450 2414 535 2454 qua
565 2399 755 2455 partium
787 2415 812 2439 a
842 2398 1149 2454 compositione
1181 2398 1401 2454 praedicta
1432 2399 1477 2440 in
1508 2405 1728 2454 posterum
1761 2399 1923 2440 resilire

385 2468 577 2517 voluerit,
614 2483 707 2509 eam
744 2483 821 2523 per
856 2483 1079 2509 censuram
1117 2467 1448 2509 ecclesiasticam
1486 2468 1540 2509 ad
1576 2468 1717 2509 dictae
1754 2484 1922 2524 compo-

1960 1165 1996 1186 10

383 2536 550 2578 sitionis
572 2537 888 2579 observantiam
910 2536 1200 2592 appellatione
1223 2542 1387 2577 remota
1408 2537 1672 2592 compellere.
1734 2537 1778 2578 in
1800 2538 1922 2593 cujus
1943 2554 1984 2584 30

382 2606 442 2647 rei
474 2606 773 2648 testimonium
804 2606 858 2647 ad
887 2605 1140 2647 instantiam
1170 2605 1382 2646 dictarum
1412 2606 1603 2661 partium
1633 2606 1732 2647 huic
1763 2606 1921 2662 scripto

380 2675 521 2732 sigilla
542 2683 687 2717 nostra
708 2675 997 2732 apposuimus.
1048 2680 1194 2716 actum
1216 2689 1327 2715 anno
1349 2673 1511 2715 domini
1536 2675 1757 2725 mccxxxi⁰‚
1775 2691 1920 2718 mcnsc

381 2744 660 2800 Septembris.

466 2918 675 2960 Geroldus
707 2918 752 2959 in
789 2917 967 2959 historia
1004 2916 1294 2958 Hibernorum
1331 2915 1520 2971 capitulo
1557 2914 1635 2955 xli⁰
1666 2914 1772 2956 dicit
1804 2914 1917 2970 quod

377 2987 510 3028 salmo
551 3003 575 3028 a
617 2987 806 3028 saliendo
853 2985 1111 3027 naturaliter
1159 3000 1315 3026 nomen
1356 2983 1532 3040 accepit,
1570 2989 1697 3039 prout
1739 2983 1917 3025 inferius
1938 2994 1977 3024 35

376 3062 508 3111 patet.
1552 3058 1556 3063 '

443 3195 462 3224 3
485 3192 653 3232 Retherey
671 3192 702 3224 d.
823 3193 841 3223 4
866 3192 922 3233 de]
938 3203 1000 3224 om.
1017 3193 1050 3223 d.
1169 3194 1188 3224 5
1211 3192 1377 3224 Retheree
1394 3192 1427 3223 d.
1547 3191 1567 3222 6
1590 3190 1788 3231 praedictis]
1805 3201 1865 3222 om.
1883 3190 1916 3222 d.

377 3246 396 3276 9
421 3243 591 3283 predictas
608 3243 641 3274 d.
756 3244 794 3275 19
819 3243 983 3275 Retheree
1001 3243 1033 3274 d.
1137 3243 1413 3284 accipiendarum
1430 3243 1485 3275 W.
1611 3244 1651 3274 33
1677 3242 1868 3283 Septembri
1885 3242 1918 3274 d.

1732 3315 1823 3347 5—2
