2385 3891
234 1266 301 1302 †20
312 1265 392 1304 Apr.
406 1265 500 1295 1222.

236 1307 364 1340 Buried
380 1308 416 1338 in

235 1352 338 1383 south
355 1351 500 1382 cloister.

239 1852 305 1883 His
321 1851 419 1883 anni-

238 1905 376 1935 versary
394 1895 448 1935 (cf.

244 1938 433 1970 ‘Domesd.'

241 1984 262 2015 f.
287 1984 402 2023 12411).

251 2962 288 2992 F.
306 2961 342 2992 of
358 2959 493 2992 Transl.

250 3003 516 3036 ofK.Edmund.

519 439 613 486 102
818 433 1001 484 Flete's
1036 431 1261 495 History
1297 431 1365 495 of
1398 429 1746 481 Westminster

516 561 628 603 ensis
657 560 790 601 libera
818 565 862 600 et
891 564 1092 612 exempta
1123 562 1166 598 et
1197 556 1372 612 penitus
1405 556 1450 596 in
1478 562 1737 612 perpetuum
1769 556 1975 605 absoluta,
2009 560 2053 596 et

516 631 734 671 Romanae
766 627 965 669 ecclesiae
997 626 1088 667 sine
1117 625 1233 667 omni
1262 625 1535 681 exemptione
1563 625 1681 666 nullo
1709 624 1926 666 mediante
1955 624 2052 665 sub-

510 700 638 756 jecta,
670 695 989 738 sententialiter
1019 695 1355 736 declaraverunt.
1415 693 1751 749 adjeceruntque
1783 693 1895 749 quod
1926 693 2054 734 bene-

516 768 726 809 dictiones
747 766 967 814 abbatum,
989 765 1280 806 dedicationes
1303 763 1576 805 ecclesiarum
1599 769 1643 804 et
1664 763 1924 819 capellarum
1946 762 2056 803 infra

518 836 679 877 limites
711 834 852 876 dictae
887 833 1112 890 parochiae
1149 838 1493 874 constructarum
1527 833 1594 873 vel
1628 832 1672 872 in
1706 837 1925 887 posterum
1960 845 2056 871 con·
2079 852 2095 881 5

517 904 832 953 struendarum,
853 903 1190 944 consecrationes
1211 902 1426 951 altarium,
1443 902 1732 943 ordinationes
1755 900 2057 942 monachorum

519 981 563 1016 et
599 974 846 1015 clericorum
883 972 1152 1022 secularium,
1183 972 1526 1013 confirmationes
1562 986 1804 1028 puerorum,
1836 971 1977 1012 oleum
2014 975 2058 1011 et

519 1044 715 1091 chrisma,
748 1050 792 1084 et
833 1043 869 1084 si
902 1058 987 1098 qua
1022 1049 1125 1083 sunt
1158 1042 1316 1083 similia
1356 1046 1632 1090 sacramenta,
1666 1041 1926 1095 ubicumque
1959 1045 2003 1080 et
2034 1054 2059 1080 a

519 1128 789 1170 quocumque
812 1112 1026 1154 voluerint
1049 1112 1245 1168 episcopo
1274 1112 1434 1167 absque
1456 1110 1793 1152 contradictione
1815 1108 2060 1150 omnimoda

520 1182 829 1225 Londoniensis
850 1181 1051 1223 ecclesiae
1074 1181 1118 1222 in
1139 1186 1399 1237 perpetuum
1422 1180 1640 1235 recipient.
1703 1179 1807 1220 haec
1828 1178 2000 1219 ibidem.
2085 1197 2122 1218 ιο

609 1252 732 1294 Obiit
753 1257 900 1293 autem
923 1250 982 1291 xii
1001 1250 1204 1292 kalendas
1219 1249 1323 1290 Maii
1341 1265 1451 1290 anno
1474 1249 1635 1290 domini
1660 1248 1885 1289 millesimo
1907 1246 2061 1288 ccxxii0

522 1328 566 1363 et
594 1321 715 1377 regni
744 1320 857 1377 regis
887 1319 1064 1361 Henrici
1093 1319 1213 1361 tertii
1236 1325 1381 1369 sext03
1412 1319 1694 1374 sepultusque
1721 1323 1786 1358 est
1809 1316 1853 1358 in
1881 1315 2061 1358 australi

521 1398 643 1448 parte
684 1390 871 1440 claustri,
908 1396 952 1432 et
979 1390 1097 1445 jacet
1137 1389 1192 1430 ad
1225 1395 1355 1445 caput
1388 1387 1559 1429 abbatis
1596 1387 1790 1429 Gervasii
1827 1387 1871 1428 in
1910 1386 2063 1428 tumba

522 1476 758 1502 marmorea
798 1475 894 1501 cum
932 1459 1120 1515 imagine
1156 1459 1291 1515 ipsius
1332 1457 1710 1514 supercomposita,
1741 1456 2062 1513 pontificalibus

522 1529 788 1571 indumentis
828 1529 1045 1578 adornata,
1086 1535 1136 1570 ut
1176 1533 1299 1584 patet
1335 1528 1506 1569 ibidem.
1573 1527 1695 1582 cujus
1739 1527 1824 1568 tale
1867 1532 1932 1568 est
1973 1525 2062 1582 epi-
2088 1541 2122 1571 ¹5

523 1601 721 1657 taphium
743 1617 750 1641 :

698 1687 831 1728 Ortus
862 1686 916 1727 ab
948 1685 1142 1726 Humeto
1175 1684 1418 1726 Willelmus
1450 1684 1550 1725 huic
1582 1683 1823 1725 venerando

754 1754 942 1811 praefuit
972 1754 1054 1796 iste
1087 1755 1187 1804 loco,
1218 1769 1331 1795 nunc
1363 1754 1605 1795 tumulatus
1637 1753 1779 1795 humo.

611 1842 748 1898 Cujus
770 1840 1050 1882 anniversarii
1067 1846 1191 1882 tenor
1211 1840 1408 1895 sequitur
1429 1839 1474 1880 in
1492 1839 1606 1880 hunc
1628 1839 1825 1880 niodum:
1853 1838 2065 1881 Omnibus

526 1910 689 1953 Christi
722 1910 921 1952 fidelibus
951 1925 1152 1966 praesens
1186 1909 1394 1965 scriptum
1431 1909 1689 1965 inspecturis
1724 1909 1965 1950 Willelmus
1996 1908 2065 1949 dei
2087 1927 2127 1948 20

525 1981 665 2037 gratia
709 1980 842 2021 abbas
889 1979 1261 2021 Westmonasterii
1313 1979 1497 2020 salutem
1545 1979 1589 2019 in
1644 1978 1827 2020 domino.
1900 1977 2068 2020 noverit

527 2051 786 2093 universitas
808 2056 949 2092 vestra
970 2065 1046 2091 nos
1069 2049 1264 2091 unanimi
1289 2050 1510 2090 voluntate
1537 2056 1581 2090 et
1602 2064 1809 2090 consensu
1832 2054 2068 2090 conventus

528 2121 662 2163 nostri
710 2121 948 2177 assignasse
997 2120 1216 2162 redditum
1260 2120 1301 2160 xl
1343 2119 1587 2168 solidorum,
1639 2118 1964 2174 provenientem
2016 2119 2068 2159 de

529 2189 718 2231 manerio
749 2189 802 2230 de
835 2189 1117 2244 Hampstede,
1148 2189 1201 2229 ad
1233 2189 1548 2229 incrementum
1582 2187 1789 2243 coquinae
1821 2194 2069 2237 conventus,

529 2260 657 2301 simul
683 2274 780 2301 cum
810 2258 1012 2299 maneriis
1040 2264 1084 2299 et
1113 2258 1313 2299 omnibus
1338 2257 1579 2299 redditibus
1608 2257 1822 2299 contentis
1850 2257 1895 2298 in
1921 2257 2069 2298 charta
2090 2273 2128 2303 25

530 2344 658 2384 quam
681 2344 810 2384 super
830 2328 1119 2384 assignatione
1143 2328 1334 2384 ejusdem
1365 2327 1571 2383 coquinae
1598 2327 1816 2383 praedicto
1837 2326 2069 2368 conventui

531 2398 854 2453 assignavimus.
915 2404 1138 2452 praeterea
1180 2397 1222 2438 xl
1263 2397 1418 2438 solidos
1459 2412 1566 2452 quos
1607 2402 1755 2438 contra
1796 2397 1975 2438 Ivonem
2017 2396 2069 2437 de

530 2468 653 2509 Dene
675 2467 719 2508 in
741 2467 859 2509 curia
879 2466 1041 2508 domini
1064 2466 1176 2521 regis
1206 2465 1573 2515 dirationavimus,
1595 2465 1722 2507 simul
1752 2481 1847 2507 cum
1872 2465 2071 2507 omnibus

531 2537 709 2578 decimis
732 2537 784 2578 de
810 2537 1049 2585 Perschore,
1071 2551 1177 2591 quas
1205 2536 1258 2577 de
1286 2534 1505 2577 monachis
1528 2534 1580 2575 de
1604 2534 1841 2576 Malvernia
1863 2549 1938 2590 per
1958 2550 2069 2576 com-

531 2606 788 2662 positionem
825 2606 1084 2647 auctoritate
1118 2605 1317 2662 judicum
1354 2620 1379 2646 a
1414 2603 1586 2645 domino
1623 2619 1734 2660 papa
1774 2604 2070 2660 delegatorum
2091 2617 2132 2648 30

532 2676 646 2718 inter
666 2691 742 2717 nos
766 2677 921 2717 factam
944 2675 1186 2725 habuimus,
1203 2674 1436 2716 infirmario
1458 2673 1532 2730 qui
1555 2689 1630 2729 pro
1653 2679 1844 2730 tempore
1866 2673 1997 2715 fuerit
2018 2674 2071 2715 ad

533 2745 773 2787 faciendum
798 2745 1043 2786 honorabile
1072 2744 1411 2786 anniversarium
1434 2750 1640 2792 nostrum,
1664 2749 1753 2784 tam
1775 2743 1820 2784 in
1841 2743 2072 2785 refectione

533 2820 769 2856 conventus
805 2829 933 2869 quam
971 2820 1147 2855 centum
1183 2828 1435 2869 pauperum,
1467 2812 1739 2853 concedimus
1774 2819 1818 2854 et
1854 2813 2072 2869 praesenti

535 2883 692 2939 scripto
714 2883 1024 2924 confirmamus.
1087 2888 1132 2924 et
1159 2883 1261 2938 quia
1282 2883 1335 2924 ob
1357 2883 1559 2923 honorem
1583 2887 1627 2923 et
1649 2882 1933 2924 reverentiam
1954 2882 2072 2924 beati

536 2952 647 3008 regis
677 2951 894 2993 Edmundi
924 2951 1120 2992 volumus
1148 2952 1305 2993 festum
1338 2950 1631 2992 translationis
1663 2951 1855 3006 ejusdem
1884 2951 1929 2992 in
1957 2951 2072 3007 capis
2093 2963 2132 2994 35

536 3037 633 3063 cum
670 3021 818 3063 debita
853 3021 1080 3062 devotione
1111 3021 1360 3063 solemniter
1394 3019 1597 3069 venerari,
1629 3020 1846 3062 redditum
1884 3037 1937 3062 xx
1976 3020 2072 3062 soli-

536 3092 699 3141 dorum,
740 3091 1064 3148 provenientem
1106 3091 1159 3132 de
1201 3097 1315 3132 terra
1356 3089 1533 3131 Roberti
1578 3090 1751 3131 Bassett
1792 3090 1837 3131 in
1879 3090 1980 3132 villa
2021 3091 2073 3132 de

605 3184 621 3214 1
657 3184 693 3214 in
720 3184 938 3224 perpetuum]
966 3183 1024 3223 Sp.
1050 3182 1086 3221 ἃς
1123 3193 1181 3215 om.
1215 3183 1266 3215 W.
1492 3182 1531 3212 13
1567 3181 1630 3212 sub
1655 3182 1767 3223 lapide
1793 3193 1985 3215 marmoreo
2014 3184 2070 3225 Sp.

540 3237 579 3267 15
603 3235 863 3275 adornata]÷et
880 3235 1014 3275 sculpta
1032 3236 1088 3276 Sp.
1247 3236 1288 3266 24
1312 3235 1501 3268 Hamstede
1518 3236 1550 3268 d.
1707 3237 1748 3266 28
1772 3235 1836 3267 defi
1853 3235 1924 3274 W.;
1949 3235 2015 3267 den
2032 3236 2074 3275 d;

539 3287 690 3319 denariis
708 3287 766 3326 Sp.
900 3288 941 3319 29
965 3296 1100 3328 persore
1118 3287 1150 3317 d.
