2385 3891
503 408 565 453 56
806 405 990 453 Flete’s
1026 404 1248 466 H'istory
1287 402 1351 466 of
1389 402 1737 451 Wesmninster

591 530 671 570 Pro
705 529 931 584 magnifica
967 527 1179 583 siquidem
1221 526 1436 583 dignitate
1478 527 1566 568 sive
1607 527 1741 583 regali
1782 526 2038 568 excellentia

220 606 284 647 (Cf.
302 616 334 646 p.
353 607 418 648 53.)
504 598 638 654 ipsius
670 598 882 647 ecclesiae,
914 604 1018 647 etc.;
1052 602 1102 637 ut
1133 611 1262 652 supra
1292 596 1481 652 capitulo
1512 611 1622 637 nono
1654 596 1698 637 in
1730 597 1878 638 charta
1909 596 2039 638 tertia

503 667 641 708 sancti
662 666 774 722 regis
796 665 993 706 Edwardi
1016 665 1272 706 continetur.
1335 670 1378 706 et
1400 665 1510 705 infra
1532 665 1750 720 sequitur:

591 736 723 777 Nullo
758 735 881 776 modo
918 734 1158 775 consentire
1192 735 1285 776 volo
1327 740 1376 775 ut
1417 734 1645 790 quisquam
1688 735 1796 776 hanc
1838 734 2039 776 ecclesiae

503 805 639 846 sancti
665 804 780 845 Petri
803 804 1050 844 libertatem
1074 818 1264 858 unquam
1286 803 1518 859 infringere
1541 809 1802 859 praesumat.
2061 833 2077 861 5

220 945 261 1000 Χ
306 945 409 976 From
444 987 450 1000 ‚
591 940 843 996 Capitulum
895 938 1120 980 decimum.
1184 939 1263 979 Pro
1314 939 1598 995 exemptione,
1644 940 1944 995 jurisdictione
1996 947 2040 982 et

219 989 469 1063 esltlaptqssstans
503 1009 716 1050 ordinaria
747 1014 962 1064 potestate
992 1007 1193 1049 ecclesiae
1227 1008 1710 1059 Wesmnonasteriensis,
1733 1009 1881 1051 charta
1902 1010 2039 1051 sancti

504 1078 722 1120 Dunstani
745 1077 942 1134 episcopi.

590 1166 844 1206 Dunstanus
866 1163 934 1204 dei
951 1162 1238 1203 misericordia
1261 1161 1570 1203 Londoniensis
1588 1162 1823 1218 episcopus,
1841 1163 2040 1205 omnibus

503 1234 724 1291 episcopis,
740 1232 971 1274 abbatibus
993 1237 1037 1273 et
1059 1232 1225 1273 cunctis
1248 1231 1448 1273 ecclesiae
1470 1231 1570 1272 filiis
1586 1233 1887 1287 praesentibus
1909 1239 1954 1275 et
1975 1234 2039 1275 fu·
2063 1254 2101 1276 10

503 1305 613 1347 turis
629 1304 672 1345 in
688 1309 957 1360 perpetuum.
1006 1302 1221 1358 quoniam,
1240 1303 1391 1344 fratres
1408 1302 1627 1352 carissimi,
1645 1302 1845 1344 inimicus
1862 1303 2040 1345 humani

504 1374 672 1430 generis
694 1388 862 1429 semper
883 1373 1049 1413 laborat
1071 1371 1413 1427 superseminare
1435 1371 1608 1421 zizania,
1631 1377 1710 1413 etc.
1772 1378 1815 1413 et
1837 1372 1971 1414 infra:

592 1442 865 1497 Quapropter
897 1440 1065 1481 noverit
1101 1440 1294 1481 omnium
1326 1440 1560 1481 catholicae
1592 1440 1794 1481 ecclesiae
1825 1442 2039 1482 cultorum

503 1512 715 1568 generalis
756 1510 1025 1560 universitas,
1067 1510 1180 1566 quod
1228 1510 1427 1551 dominus
1467 1510 1797 1565 gloriosissimus
1846 1511 2040 1566 Edgarus

504 1582 742 1637 Anglorum
784 1596 869 1629 rex,
910 1580 1055 1621 divino
1096 1580 1327 1621 irradiatus
1369 1580 1543 1629 lumine,
1584 1580 1782 1636 religiosa
1829 1580 2040 1636 petitione
2065 1600 2099 1629 ¹5

504 1650 764 1692 humilitatis
801 1656 970 1690 nostrae
1008 1649 1328 1690 extremitatem
1362 1649 1554 1705 poposcit
1590 1656 1765 1705 propter
1796 1650 2041 1705 frequentes

503 1721 806 1762 monachorum
837 1726 881 1760 et
910 1719 1157 1760 clericorum
1188 1719 1516 1769 simultationes,
1538 1725 1588 1760 ut
1620 1725 1664 1760 et
1692 1735 1768 1760 nos
1796 1725 1840 1760 et
1871 1719 2039 1760 canoni-

503 1805 646 1832 corum
684 1795 926 1830 nostrorum
963 1788 1201 1829 communis
1237 1789 1484 1829 fraternitas
1521 1788 1765 1829 securitatis
1807 1794 1851 1829 et
1882 1788 2040 1829 incom-

504 1860 812 1901 mutabilitatis
862 1859 1138 1915 privilegium
1190 1859 1412 1899 ederemus
1463 1874 1538 1914 pro
1589 1858 1831 1899 reverentia
1882 1858 2040 1899 summi

502 1930 791 1985 apostolorum
830 1928 1034 1984 principis
1071 1928 1189 1969 Petri
1225 1927 1279 1968 ad
1315 1927 1534 1968 basilicam
1572 1927 1706 1983 ipsius
1740 1942 1849 1983 quae
1882 1927 2042 1968 dicitur
2063 1950 2103 1972 20

506 1998 951 2047 Westmonasterium,
1002 1997 1076 2038 ubi
1120 1996 1326 2052 reliquiae
1368 1996 1502 2052 ipsius
1554 1996 1767 2038 virtutum
1824 1995 2041 2037 miraculis

503 2074 737 2110 coruscant.
799 2073 842 2108 et
884 2067 1016 2108 infra:

591 2138 685 2178 Hoc
707 2136 982 2193 privilegium
1004 2137 1132 2192 plena
1155 2136 1377 2177 voluntate
1400 2151 1486 2176 una
1508 2151 1604 2176 cum
1627 2150 1833 2177 consensu
1860 2136 2040 2176 fratrum

506 2222 698 2248 meorum
726 2206 830 2261 ipsis
857 2205 1055 2254 concessi,
1076 2220 1152 2260 per
1180 2204 1293 2259 quod
1319 2204 1498 2245 decerno
1520 2209 1650 2259 atque
1680 2204 2040 2245 obtestificatione

503 2276 638 2317 divini
670 2275 855 2316 nominis
892 2274 1111 2323 interdico,
1148 2280 1197 2315 ut
1230 2289 1309 2314 nec
1346 2288 1423 2329 ego
1460 2273 1660 2328 deinceps
1692 2288 1770 2313 nec
1802 2273 1915 2314 ullus
1946 2288 2039 2314 suc·
2062 2296 2100 2325 ²5

503 2361 715 2388 cessorum
757 2361 948 2386 meorum
1001 2344 1294 2400 episcoporum
1345 2343 1709 2384 Londoniensium
1758 2343 1836 2384 hoc
1882 2343 2040 2385 audeat

504 2415 737 2471 infringere
762 2414 826 2455 vel
850 2414 1077 2455 temerario
1100 2429 1206 2455 ausu
1229 2413 1504 2468 aliquatenus
1526 2412 1693 2453 violare.
1756 2411 1968 2462 videlicet,
1991 2418 2041 2453 ut

504 2484 641 2525 omnis
683 2483 907 2539 presbyter
947 2483 1013 2523 vel
1056 2483 1244 2532 clericus,
1287 2497 1338 2523 ex
1388 2482 1454 2523 his
1502 2481 1576 2538 qui
1613 2481 1657 2522 in
1694 2481 1785 2537 ipso
1818 2481 2038 2537 procinctu

502 2552 741 2594 beatissimi
766 2551 880 2593 Petri
905 2558 948 2592 et
971 2566 1116 2592 omnes
1145 2551 1208 2592 illi
1237 2551 1311 2606 qui
1343 2550 1386 2591 in
1416 2550 1735 2606 circumscripto
1757 2551 1908 2607 spatio,
1929 2551 2041 2592 sicut

503 2623 733 2679 designant
755 2637 898 2663 cruces
921 2622 987 2662 vel
1010 2621 1167 2662 fossata
1189 2621 1254 2662 vel
1277 2621 1362 2662 alia
1383 2620 1516 2676 signa,
1534 2620 1595 2661 illi
1614 2620 1813 2662 ecclesiae
1835 2620 2040 2671 serviunt,
2062 2641 2103 2672 30

503 2693 591 2734 sint
613 2692 737 2733 liberi
760 2699 803 2733 et
825 2691 1013 2733 absoluti
1042 2692 1096 2732 ab
1125 2691 1241 2731 omni
1263 2690 1409 2731 debito
1439 2695 1483 2731 et
1512 2689 1751 2730 redditione
1777 2689 2040 2731 circadarum

505 2768 549 2803 et
565 2761 833 2817 synodorum.
876 2766 1022 2801 tamen
1041 2760 1237 2800 volumus
1254 2764 1298 2799 et
1315 2774 1390 2814 pro
1407 2773 1548 2799 amore
1564 2759 1629 2799 vel
1648 2759 1888 2799 reverentia
1904 2758 2041 2800 sancti

508 2830 625 2871 Petri
640 2829 923 2877 concedimus,
939 2835 987 2869 ut
1010 2844 1060 2869 ex
1075 2834 1219 2869 nostro
1239 2828 1303 2868 vel
1320 2842 1606 2868 successorum
1623 2834 1865 2868 nostrorum
1880 2828 2039 2884 episco-

505 2905 612 2956 patu
635 2899 726 2939 sine
749 2897 887 2953 pretio
909 2898 1092 2938 chrisma
1110 2902 1153 2937 et
1175 2897 1315 2937 oleum
1339 2895 1561 2950 accipiant.
1614 2895 1885 2937 concedimus
1907 2896 2039 2937 etiam

506 2969 569 3010 illi
598 2969 687 3009 loco
719 2967 980 3009 cimiterium
1013 2967 1208 3015 liberum,
1230 2966 1341 3007 sicut
1370 2981 1394 3006 a
1423 2965 1596 3021 regibus
1627 2965 1681 3006 ab
1712 2965 1902 3021 antiquis
1932 2971 2040 3007 tem·
2061 2986 2100 3016 35

504 3038 678 3094 poribus
700 3053 944 3079 concessum
969 3038 1119 3086 fuerat,
1141 3037 1204 3078 ita
1225 3042 1274 3077 ut
1300 3036 1559 3092 quicumque
1581 3035 1633 3076 de
1656 3051 1925 3092 quocumque
1951 3036 2041 3078 loco

570 3147 589 3176 9
614 3144 773 3175 Lundon.
793 3144 855 3175 Ch.
874 3144 941 3175 and
958 3155 994 3175 so
1013 3144 1244 3184 throughout:
1270 3143 1527 3175 Lundoniensis
1543 3143 1574 3175 d.
1722 3145 1762 3175 14
1786 3146 1968 3183 generatur
1984 3145 2036 3178 W.

507 3197 555 3236 (in
574 3196 594 3227 d
612 3206 630 3226 a
648 3196 840 3227 correction
858 3199 893 3227 at
911 3196 980 3227 this
998 3196 1122 3236 point).
1345 3197 1384 3227 15
1408 3195 1526 3227 divina
1543 3195 1595 3227 W.
1807 3196 1971 3235 religione
1987 3197 2039 3228 W.

506 3249 545 3278 24
571 3248 725 3279 discerno
744 3248 762 3277 d
782 3247 834 3278 W.
968 3248 1009 3279 26
1033 3248 1182 3279 audeant
1199 3248 1251 3278 W.
1390 3249 1430 3278 31
1456 3247 1666 3279 tricadarum
1683 3247 1722 3279 d:
1748 3247 1966 3287 trycadarum
1985 3248 2038 3281 W.
