2385 3891
64 687 136 719 The
151 687 238 718 tithe

65 731 99 763 of
115 731 260 762 salmon.

20 1335 22 1337 ,
64 1306 103 1338 Κ.
126 1305 241 1338 sebert
257 1305 287 1336 is

64 1349 182 1380 buried
198 1349 234 1379 in

63 1392 121 1424 the
138 1392 277 1424 church.

64 1579 120 1612 VI.
162 1579 264 1610 From

64 1622 121 1654 the
137 1623 212 1654 Life
229 1623 266 1653 of

65 1667 103 1699 St
119 1667 292 1698 Dunstan.

63 2221 165 2252 From
183 2220 241 2252 the

63 2265 138 2296 Life
156 2265 191 2296 of

65 2309 104 2340 St
120 2308 265 2340 Edward

63 2352 121 2392 [by
136 2351 251 2383 Ailred

67 2395 211 2437 (Twysd.
229 2395 291 2427 col.

64 2438 166 2481 382)].

64 2515 229 2546 VVulsin’s

63 2558 172 2590 vision
190 2560 227 2591 of

66 2602 104 2633 St
119 2602 225 2635 Peter.

674 415 779 463 The
819 414 1187 464 Consecration
1224 414 1287 476 by
1323 412 1381 462 St
1420 413 1574 461 Peter
1818 415 1881 459 45

346 540 587 595 apostolum
632 546 793 589 vocant,
835 539 909 595 qui
951 539 1060 580 hanc
1095 538 1315 580 ecclesiam
1353 552 1492 578 meam
1530 536 1608 577 hac
1644 542 1768 577 nocte
1804 535 1883 576 deo

347 608 551 650 dedicavi.
613 609 715 649 haec
738 608 883 663 ‹lic-cns
904 608 1122 664 apostolus
1145 613 1188 648 ct
1211 607 1263 648 (10
1285 606 1383 647 navi
1406 606 1553 647 exiens
1573 604 1797 661 disparuit.

434 678 503 719 Ab
541 678 612 719 illo
654 679 800 734 itaque
843 693 977 733 usque
1015 678 1058 718 in
1096 676 1349 718 hodiernum
1386 675 1498 716 diem
1537 675 1630 730 ejus
1663 672 1885 730 piscatoris

346 746 572 802 progenies
604 747 827 788 esiciorum
860 746 1189 787 decimationem
1223 745 1301 785 deo
1333 750 1377 785 et
1409 750 1556 785 sancto
1589 743 1726 792 Petro,
1758 748 1885 798 prout

346 817 521 866 audent,
552 817 788 858 conferunt.
849 816 1087 872 presbyteri
1121 816 1280 871 quippe
1313 830 1493 871 quorum
1526 813 1772 870 parochiani
1804 812 1885 868 ipsi
1906 827 1922 856 5

347 886 578 941 piscatores
600 886 806 935 existunt,
828 885 994 926 malitia
1015 885 1269 941 placitorum
1301 891 1517 926 crescente
1548 890 1592 925 et
1620 884 1716 924 dolo
1741 888 1886 924 artant

349 956 461 1011 ipsos
493 956 736 1012 piscatores,
771 962 820 996 ut
852 955 989 996 sancti
1024 955 1139 996 Petri
1176 954 1505 995 decimationem
1538 953 1619 995 sibi
1656 954 1886 994 conferant.

346 1031 521 1081 propter
551 1025 665 1081 quod
697 1031 740 1066 et
768 1024 935 1066 flumini
968 1024 1172 1079 ingerunt
1201 1023 1475 1065 sterilitatem
1503 1028 1547 1063 et
1576 1022 1657 1063 sibi
1688 1022 1886 1063 maledic-

347 1094 532 1136 tionem:
574 1100 770 1136 asserunt
808 1094 922 1135 enim
965 1094 1097 1135 etiam
1140 1093 1221 1149 ipsi
1263 1093 1495 1148 piscatores
1536 1092 1589 1133 ob
1632 1092 1708 1132 hoc
1750 1092 1886 1147 ipsam

347 1163 537 1205 fluminis
586 1179 676 1205 esse
725 1163 1013 1212 sterilitatem,
1055 1170 1099 1203 et
1148 1162 1201 1203 ob
1249 1161 1445 1217 capiendi
1494 1160 1794 1201 difficultatem
1843 1174 1886 1201 se
1912 1173 1948 1194 10

347 1233 578 1275 maximam
610 1233 702 1289 pati
734 1232 970 1288 penuriam,
1003 1238 1081 1273 etc.

435 1303 526 1344 Rex
567 1309 714 1344 autem
757 1302 975 1351 Sebertus,
1016 1302 1156 1342 soluto
1197 1306 1377 1342 naturae
1419 1299 1577 1349 debitO,
1614 1298 1659 1339 in
1695 1298 1888 1354 praefata

347 1372 522 1414 ecclesia
563 1387 691 1428 quam
734 1371 824 1427 ipse
866 1376 1176 1419 construxerat,
1211 1370 1342 1425 juxta
1382 1369 1517 1410 altare
1559 1368 1673 1424 quod
1715 1374 1888 1409 sanctus

348 1443 501 1484 Petrus
532 1442 815 1490 dedicaverat,
847 1457 945 1482 cum
977 1440 1158 1495 conjuge
1190 1455 1267 1481 sua
1299 1439 1552 1480 tumulatur.

434 1579 686 1635 Capitulum
718 1584 900 1620 sextum.
962 1578 1075 1620 Item
1108 1577 1160 1618 (10
1192 1576 1460 1618 dedicatione
1495 1575 1623 1631 hujus
1644 1574 1723 1616 loci
1750 1575 1888 1615 West-
1912 1590 1946 1620 15

348 1649 693 1691 monasteriensis
715 1648 774 1691 010
796 1648 956 1704 legitur
977 1648 1021 1689 in
1044 1647 1134 1688 vita
1155 1646 1292 1688 sancti
1315 1645 1545 1687 Dunstani.

424 1738 585 1778 Beatus
600 1736 767 1792 praesul
784 1736 1050 1784 Dunstanus,
1065 1749 1162 1774 cum
1178 1732 1366 1774 ecclesiis
1380 1731 1461 1773 sibi
1476 1729 1711 1772 commissis
1726 1729 1888 1770 curiose

346 1806 603 1862 invigilaret,
624 1821 649 1846 a
677 1805 877 1861 perfectis
903 1804 1005 1845 viris
1033 1803 1308 1860 probatisque
1330 1801 1521 1858 personis
1550 1799 1701 1841 didicit
1726 1806 1889 1855 quanta

346 1876 597 1932 dignatione
619 1876 773 1916 beatus
796 1875 949 1916 Petrus
971 1873 1259 1929 apostolorum
1287 1871 1484 1927 princeps
1506 1869 1739 1911 oratorium
1762 1884 1888 1910 suum

350 1945 463 2000 quod
496 1944 930 1986 Westmonasterium
962 1943 1121 1983 dicitur
1152 1940 1446 1997 insignivisset
1478 1945 1522 1981 et
1555 1954 1631 1995 per
1666 1954 1709 1980 se
1746 1939 1888 1995 ipsum
1909 1957 1949 1979 20

349 2013 656 2055 dedicavisset:
697 2013 789 2069 regi
827 2011 1026 2053 videlicet
1063 2010 1231 2065 Edgaro
1267 2009 1497 2065 persuadet
1539 2014 1588 2049 ut
1625 2008 1678 2049 ob
1718 2023 1888 2049 venera-

349 2084 511 2126 tionem
544 2084 656 2125 tanti
688 2082 868 2139 apostoli
902 2082 981 2123 loci
1013 2080 1161 2122 honori
1194 2079 1404 2128 intendat,
1436 2084 1514 2120 etc.

436 2218 549 2258 Item
572 2217 624 2258 de
646 2216 874 2257 novatione
899 2213 1274 2256 Westmonasterii
1296 2213 1355 2254 sic
1377 2212 1563 2253 habetur
1578 2211 1621 2252 in
1646 2211 1735 2253 vita
1752 2211 1889 2253 sancti

347 2286 459 2343 regis
482 2292 526 2328 et
548 2285 796 2327 confessoris
819 2284 1028 2334 Edwardi,
1052 2299 1101 2325 cx
1126 2283 1284 2324 litteris
1310 2281 1534 2338 cujusdam
1564 2281 1702 2322 sancti
1733 2281 1812 2322 viri
1845 2287 1889 2323 et

348 2355 544 2397 monachi
566 2355 720 2396 inclusi
749 2354 921 2395 nomine
946 2353 1144 2402 Wulsini,
1167 2354 1278 2393 facta
1307 2351 1388 2393 sibi
1419 2351 1600 2392 caelitus
1628 2351 1889 2392 revelatione
1909 2369 1947 2399 25

346 2440 423 2481 per
443 2431 641 2466 sanctum
666 2425 842 2466 Petrum
865 2424 1118 2480 apostolum.

436 2512 513 2553 Est
541 2518 687 2552 autem
720 2510 825 2551 mihi
855 2511 970 2551 locus
998 2510 1043 2550 in
1070 2508 1324 2550 occidentali
1353 2514 1476 2563 parte
1499 2506 1745 2548 Londoniae
1767 2522 1792 2547 a
1821 2522 1888 2547 me

348 2583 522 2631 electus,
556 2581 663 2622 mihi
695 2580 889 2629 dilectus,
923 2595 1051 2635 quem
1089 2578 1304 2634 quondam
1337 2577 1444 2618 mihi
1478 2576 1658 2632 propriis
1691 2576 1889 2617 manibus

348 2650 599 2699 consecravi,
623 2665 717 2691 mea
747 2649 973 2690 nobilitavi
1002 2648 1256 2704 praesentia,
1278 2646 1435 2688 divinis
1467 2647 1642 2701 insuper
1674 2645 1889 2686 miraculis

349 2719 570 2761 illustravi.
630 2718 843 2760 Thorneia
875 2733 1031 2758 nomen
1065 2722 1130 2758 est
1164 2716 1254 2764 loci,
1276 2715 1350 2771 qui
1382 2715 1596 2770 quondam
1630 2714 1682 2755 ob
1714 2720 1889 2770 peccata
1908 2733 1948 2763 30

349 2789 496 2846 populi
536 2789 812 2830 barbarorum
846 2788 1032 2829 traditus
1063 2786 1282 2843 potestati,
1318 2785 1618 2841 pauperrimus
1654 2800 1704 2826 ex
1741 2784 1888 2834 divite,

349 2858 525 2900 humilis
542 2874 593 2899 ex
615 2857 801 2907 sublimi,
819 2872 869 2898 ex
892 2856 1025 2898 nobili
1048 2857 1185 2897 factus
1203 2861 1268 2896 est
1284 2854 1633 2910 contemptibilis.
1686 2854 1799 2894 hunc
1816 2868 1887 2895 rex

349 2944 417 2970 me
439 2927 729 2985 praecipiente
748 2927 792 2968 in
815 2927 1110 2968 habitaculum
1135 2925 1439 2966 monachorum
1461 2923 1668 2979 suscipiat
1689 2937 1888 2978 reparan-

349 2998 464 3047 dum,
501 2996 833 3045 sublimandum,
873 2995 1079 3037 aedificiis
1115 3001 1161 3036 et
1203 2994 1539 3050 possessionibus
1580 2992 1886 3048 ampliandum.

349 3082 434 3108 non
456 3066 538 3108 erit
560 3066 621 3107 ibi
642 3066 759 3107 aliud
781 3065 863 3106 nisi
885 3065 1036 3106 domus
1053 3064 1122 3106 dei
1146 3070 1189 3105 et
1210 3069 1334 3119 porta
1356 3062 1483 3103 caeli:
1516 3061 1577 3102 ibi
1599 3061 1801 3116 erigenda
1823 3066 1888 3102 est
1907 3079 1945 3109 35

415 3161 456 3190 33
481 3158 662 3199 suscipiat]
679 3158 744 3189 Ail.
759 3170 764 3189 z
791 3158 953 3198 suscipiet
970 3157 1044 3188 DW
1062 3157 1120 3196 Sp.
1280 3156 1320 3186 35
1345 3155 1374 3185 D
1393 3155 1426 3185 in
1447 3153 1581 3191 margin
1598 3153 1643 3193 by
1659 3163 1679 3184 a
1694 3153 1780 3184 later
1796 3152 1888 3183 hand

350 3211 429 3242 has:
462 3209 682 3250 prophetauit
707 3210 782 3240 ficus
807 3209 930 3240 Petrus
956 3208 993 3239 in
1016 3208 1228 3239 monasterio
1253 3207 1396 3238 Westm.
1423 3206 1553 3237 scalam
1577 3204 1641 3236 celi
1669 3203 1886 3243 erigendam3

348 3261 439 3303 quod
462 3264 496 3294 et
519 3261 588 3293 iam
612 3261 796 3293 actitatum
820 3264 882 3293 est.
