2385 3891
74 1437 138 1468 His
155 1436 253 1468 anni-

73 1490 222 1521 versary.

870 440 1054 489 Simon
1090 439 1374 503 Lmzylecmz
1797 438 1892 483 133

472 564 571 606 sede
604 570 781 606 vacante
814 564 896 605 fuit
927 563 1089 604 electus
1122 562 1430 603 Londoniensis

473 634 643 690 praesul
675 639 719 675 et
750 633 931 689 insignis
963 633 1055 688 Ely,
1086 631 1160 673 sed
1191 638 1340 687 postea
1370 630 1530 687 primas

472 705 607 746 totius
638 705 759 760 regni
791 718 974 760 magnus
1005 702 1202 758 regisque
1235 701 1457 752 minister;

472 788 571 814 nam
603 772 895 814 thesaurarius
926 776 971 812 et
1001 769 1278 812 cancellarius
1309 770 1414 825 ejus,

471 859 519 884 ac
550 842 776 884 cardinalis
808 842 851 883 in
885 842 1021 882 Roma
1051 840 1276 895 presbyter
1306 839 1414 888 iste3
1917 853 1932 882 5

472 918 652 968 postque
686 911 964 953 Penestrinus
995 917 1060 951 est
1093 911 1229 950 factus
1261 909 1497 964 episcopus,
1527 916 1658 964 atque

471 983 651 1023 nuntius
682 998 733 1023 ex
766 987 886 1038 parte
918 995 1054 1037 papae
1087 979 1400 1021 transmittitur
1431 979 1553 1020 istuc.

472 1053 571 1094 orbe
603 1053 774 1093 dolente
806 1057 939 1107 pater,
971 1065 1098 1106 quem
1131 1065 1245 1091 nunc
1276 1064 1469 1090 revocare
1501 1047 1741 1103 nequimus>

473 1121 753 1178 Magdalenae
786 1122 904 1169 fest0,
936 1120 1109 1161 milleno
1141 1124 1405 1174 septuageno

473 1197 517 1232 et
549 1198 615 1233 ter
645 1196 826 1232 centeno
857 1196 978 1231 sexto
1010 1187 1173 1231 Christi
1206 1187 1296 1229 ruit
1328 1201 1451 1228 anno.
1921 1201 1956 1222 10

473 1261 586 1301 hunc
617 1260 722 1301 deus
753 1259 946 1301 absolvat
977 1258 1030 1299 de
1061 1257 1227 1299 cunctis
1258 1271 1367 1312 quae
1401 1255 1510 1296 male
1541 1254 1686 1309 gessit,

473 1336 516 1371 et
548 1331 713 1372 meritis
744 1329 894 1371 matris
925 1329 1006 1370 sibi
1039 1328 1197 1369 coelica
1227 1326 1387 1383 gaudia
1417 1325 1560 1366 donet.

444 1426 559 1466 Dum
597 1425 737 1465 adhuc
774 1423 1028 1465 venerabilis
1062 1429 1185 1478 pater
1220 1422 1301 1463 iste
1336 1426 1470 1462 staret
1504 1419 1636 1460 abbas
1670 1418 1714 1459 in
1748 1418 1895 1459 eodem

356 1493 625 1543 monasterio,
666 1508 741 1548 pro
789 1492 1078 1533 anniversario
1126 1506 1202 1532 suo
1253 1489 1510 1546 perquisivit
1556 1489 1601 1529 in
1654 1488 1898 1544 Fyncheley

357 1563 594 1605 manerium
622 1563 675 1604 de
702 1562 840 1603 Bidek
863 1562 992 1617 juxta
1016 1561 1228 1602 Hendone
1257 1560 1303 1601 in
1334 1559 1544 1601 comitatu
1578 1558 1898 1606 Middlesexiae‚
1922 1571 1957 1600 ¹5

356 1640 400 1675 et
425 1634 464 1675 le
494 1633 643 1674 Frithe
672 1632 715 1673 in
745 1631 1006 1686 Alferthyng
1034 1630 1079 1671 in
1107 1629 1317 1671 comitatu
1345 1629 1584 1684 Surreyae;
1618 1627 1816 1668 videlicet
1845 1626 1899 1667 ad

358 1711 572 1746 vesturam
597 1709 641 1744 et
663 1703 875 1743 furruram
897 1706 1134 1742 conventus
1156 1700 1199 1740 in
1223 1699 1370 1740 eodem
1389 1697 1678 1739 anniversario
1696 1696 1899 1737 fratribus

357 1774 712 1821 distribuendam,
733 1772 912 1813 cuilibet
934 1770 1096 1812 scilicet
1122 1769 1243 1811 fratri
1265 1769 1295 1809 ii
1318 1768 1507 1824 virgatas
1529 1766 1703 1808 burneti
1725 1765 1832 1821 largi
1855 1771 1899 1806 et

359 1858 488 1885 unam
530 1842 756 1899 pelliciam,
790 1841 854 1881 vel
892 1839 1018 1880 aliter
1053 1853 1128 1894 pro
1169 1837 1339 1894 pellicia
1372 1836 1401 1877 ii
1439 1835 1595 1877 solidos
1631 1835 1675 1876 in
1717 1834 1900 1890 pecunia

357 1921 593 1954 numerata.
656 1917 883 1967 postquam
907 1924 1004 1950 vero
1026 1914 1119 1949 erat
1140 1906 1366 1948 cardinalis
1388 1905 1508 1946 dedit
1530 1903 1760 1945 conventui
1783 1903 1899 1943 mille
1920 1915 1960 1936 20

358 1997 520 2023 marcas
541 1982 594 2023 ad
616 1979 951 2037 perquirendum
974 1978 1014 2018 xl
1039 1991 1200 2017 marcas
1217 1974 1350 2016 annui
1373 1974 1567 2015 redditus
1588 1973 1642 2014 ad
1664 1973 1899 2014 incremen-

359 2059 453 2093 tum
491 2052 533 2092 iv
570 2051 871 2091 monachorum
914 2048 959 2089 in
994 2052 1235 2095 conventu3
1279 2044 1479 2085 videlicet
1516 2043 1570 2084 ad
1607 2043 1648 2083 iv
1685 2041 1900 2083 cantorias

358 2127 589 2177 perpetuas
614 2135 689 2176 pro
718 2120 809 2175 ipso
838 2125 882 2159 et
910 2116 1162 2173 parentibus
1191 2114 1279 2155 suis
1307 2114 1348 2154 in
1384 2111 1767 2153 westmonasterio
1793 2110 1899 2151 cele-

358 2190 553 2231 brandas.
614 2204 712 2230 cum
734 2202 818 2243 qua
840 2201 1008 2228 summa
1029 2184 1236 2240 pecuniae
1259 2181 1569 2238 perquiruntur
1590 2179 1830 2221 manerium
1848 2179 1901 2219 de

360 2259 596 2301 Bekeswell
625 2265 670 2299 et
699 2256 944 2298 molendina
969 2255 1021 2296 de
1052 2255 1268 2295 Mulsham
1298 2253 1343 2293 in
1371 2251 1581 2293 comitatu
1612 2249 1826 2298 Essexiae,
1847 2249 1901 2289 ad
1921 2262 1958 2290 25

358 2329 543 2370 valorem
567 2327 637 2368 xvi
659 2327 865 2368 librarum
887 2323 1124 2366 annuatim.

446 2397 574 2438 Plura
602 2396 686 2437 alia
713 2394 920 2437 beneficia
949 2392 1050 2434 huic
1078 2390 1337 2433 monasterio
1363 2389 1408 2431 in
1437 2389 1527 2430 vita
1552 2403 1630 2429 sua
1658 2387 1771 2436 fecit,
1793 2402 1901 2442 quae

358 2482 443 2508 non
471 2472 573 2508 sunt
600 2465 759 2520 scripta
784 2464 828 2504 in
858 2463 965 2504 libro
991 2462 1080 2503 hoc.
1143 2460 1255 2501 unde
1285 2459 1461 2515 quidam
1490 2458 1542 2499 de
1569 2472 1618 2498 eo
1640 2456 1816 2497 metrice
1844 2455 1902 2496 sic

358 2535 529 2577 scribit:

476 2606 560 2646 Res
589 2620 633 2645 es
660 2604 713 2644 de
740 2602 962 2658 Langham
995 2607 1072 2642 tua
1100 2600 1262 2655 Symon
1291 2605 1393 2640 sunt
1421 2598 1523 2639 data
1551 2595 1764 2652 quondam
1921 2610 1960 2639 30

475 2674 780 2729 octingentena
811 2672 1016 2712 librarum
1050 2668 1168 2710 milia
1198 2668 1318 2709 dena.

447 2744 499 2785 In
521 2742 718 2799 originali
740 2741 792 2782 de
814 2755 926 2782 anno
950 2738 1162 2780 tricesimo
1184 2742 1305 2778 sexto
1327 2735 1440 2792 regis
1462 2733 1660 2776 Edwardi
1682 2733 1741 2782 iii,
1763 2733 1902 2773 rotulo

359 2829 482 2862 nono,
505 2813 619 2854 inter
639 2818 781 2853 cetera
807 2810 865 2852 sic
894 2809 1194 2851 continentur:
1228 2806 1562 2847 Middlesexiae:
1595 2804 1709 2844 idem
1732 2818 1804 2843 rex
1828 2817 1903 2858 per

361 2883 528 2924 litteras
549 2896 648 2923 suas
669 2886 869 2936 patentes
891 2879 1014 2920 datas
1037 2884 1109 2918 xx⁰
1127 2877 1196 2918 die
1219 2876 1367 2917 Martii
1389 2890 1501 2916 anno
1523 2873 1644 2929 regni
1666 2872 1733 2913 sui
1756 2871 1902 2912 xxxvi⁰

360 2951 574 2993 commisit
602 2950 813 2991 Nicholao
845 2948 1112 3004 Lytlyngton
1139 2946 1269 3002 priori
1295 2944 1494 2986 abbatiae
1527 2941 1901 2984 Westmonasteri-
1921 2954 1959 2983 35

361 3022 473 3063 ensis
491 3027 534 3062 et
554 3019 765 3061 Rich-ardo
783 3019 976 3059 Merston
998 3015 1301 3058 commonacho
1323 3013 1513 3070 ejusdem
1533 3012 1695 3068 prioris,
1713 3011 1901 3051 Thomae

360 3091 413 3132 de
435 3091 469 3131 F
472 3089 615 3145 rowyk
638 3094 681 3129 et
703 3087 745 3128 N
750 3087 913 3128 icholao
934 3086 987 3127 de
1010 3085 1236 3133 Bodewell,
1257 3082 1497 3125 custodiam
1523 3079 1824 3136 temporalium
1847 3078 1901 3119 ad

361 3160 562 3201 abbatem
601 3155 973 3199 Westmonasterii
1007 3154 1310 3211 spectantium,
1332 3153 1425 3208 jam
1463 3166 1538 3207 per
1575 3149 1899 3191 translationem

577 3278 618 3307 21
642 3276 677 3307 xl
693 3278 866 3307 marcatas
883 3276 939 3316 Sp.
1331 3272 1373 3303 30
1396 3273 1447 3311 es]
1463 3272 1549 3311 som.
1568 3279 1638 3301 aes.
