2385 3891
184 775 230 808 ’1-9
248 775 327 813 Apr.
347 775 442 806 1315.

184 985 311 1016 Buried
327 995 408 1016 near

184 1028 242 1059 the
258 1028 402 1060 Paschal

184 1072 317 1103 candle.

184 1539 235 1569 No
253 1539 348 1569 anni-

185 1592 321 1622 versary
338 1582 366 1613 is

182 1625 351 1657 recorded.

181 2375 333 2406 william

182 2419 419 2458 Cmssyngton,

182 2464 223 2493 24
241 2464 319 2502 Apr.
340 2463 435 2494 1315.

180 2578 344 2609 Rebuilds

181 2622 423 2653 manor-house

179 2668 214 2696 at
230 2666 325 2705 Islip,

181 2989 261 3028 (01.ί
273 2988 444 3020 Domesd.’

180 3032 215 3064 ff.
237 3033 278 3064 45
286 3033 316 3072 b,
335 3032 430 3071 4712.)

471 437 567 483 122
772 433 957 482 Flete’s
993 431 1216 492 Historys
1254 430 1321 493 of
1356 428 1708 478 Westminsteo·

468 557 600 599 nostri
643 572 728 597 una
768 571 865 597 cum
910 554 1050 610 sigillo
1091 559 1234 595 nostro
1279 553 1578 609 praesentibus
1620 553 1798 594 fecimus
1838 553 2007 609 apponi.

468 627 618 667 datum
641 626 755 681 apud
774 623 1203 666 Westmonasterium
1227 629 1347 664 sexto
1365 623 1433 664 die
1452 623 1701 664 Decembris
1718 638 1829 664 anno
1846 623 2008 663 domini

468 695 692 736 millesimo
713 694 855 736 cccxi0.

555 763 676 805 Obiit
690 769 838 804 autem
852 769 976 819 pater
988 763 1070 804 iste
1086 777 1198 803 nono
1215 762 1284 803 die
1299 762 1460 818 Aprilis
1477 778 1589 803 anno
1605 762 1768 803 domini
1782 762 2009 803 millesimo

468 839 621 883 cccxv0,
648 839 692 875 et
722 833 843 889 regni
875 833 988 889 regis
1014 832 1211 874 Edwardi
1241 832 1416 873 secundi
1442 838 1602 880 octavo,
1628 847 1724 872 cum
1754 831 2009 887 praefuisset

469 902 608 942 eidem
635 902 723 943 loco
752 908 796 942 et
821 907 995 942 strenue
1017 901 1301 957 gubernasset)
1324 900 1381 942 vii
1404 900 1528 941 annis
1556 917 1581 941 x
1609 900 1862 956 septimanis
1892 906 1935 941 et
1961 899 2007 940 iii

468 971 630 1013 diebus.
691 971 972 1027 sepultusque
995 977 1060 1012 est
1081 976 1184 1012 ante
1210 985 1415 1025 magnum
1447 971 1582 1011 altare
1607 970 1651 1010 in
1680 969 1869 1011 inferiori
1890 969 2008 1025 pavi-

470 1047 626 1090 mento,
648 1040 722 1081 ubi
751 1055 897 1082 cereus
921 1040 1134 1096 paschalis
1160 1039 1268 1081 solet
1297 1045 1422 1088 stare,
1444 1055 1495 1080 ex
1524 1045 1647 1095 parte
1675 1038 1875 1080 videlicet
1903 1038 2007 1080 dicti

467 1109 705 1166 pavimenti
738 1109 928 1158 australi,
961 1109 1041 1151 sub
1077 1109 1218 1166 lapide
1256 1124 1492 1151 marmoreo
1527 1109 1654 1165 plano
1686 1124 1783 1150 cum
1820 1108 2008 1164 imagine

468 1179 602 1235 ipsius
638 1179 945 1235 pontificaliter
984 1179 1137 1220 induto
1171 1179 1214 1220 in
1252 1180 1426 1221 metallo
1459 1194 1582 1221 aereo
1619 1179 1797 1220 honeste
1834 1185 2008 1220 exarata

468 1264 564 1290 cum
588 1249 664 1290 tali
687 1248 933 1304 epitaphio:

555 1318 640 1359 Hic
674 1319 791 1373 jacet
834 1317 1042 1359 Ricardus
1082 1318 1134 1359 de
1176 1317 1392 1373 Sudbury‚
1433 1318 1649 1373 quondam
1696 1317 1828 1359 abbas
1879 1318 2009 1374 hujus

467 1389 568 1430 loci:
600 1389 722 1444 cujus
744 1388 911 1429 animae
933 1388 1195 1444 propitietur
1215 1387 1332 1429 deus.
1383 1402 1521 1429 amen.
1572 1392 1696 1443 pater
1716 1393 1870 1429 noster.
1930 1402 2008 1428 ave

467 1459 614 1500 Maria.

552 1528 621 1569 Ad
653 1528 775 1583 cujus
803 1528 1143 1569 anniversarium
1172 1527 1280 1568 nihil
1310 1527 1483 1568 omnino
1512 1526 1696 1583 legimus
1728 1526 2006 1582 assignatum.

466 1598 719 1654 temporalia
759 1604 906 1639 autem
942 1596 1141 1638 abbatiae
1179 1595 1652 1638 westmonasteriensis
1688 1602 1784 1652 post
1826 1602 2007 1637 mortem

466 1667 591 1709 istius
619 1667 789 1708 abbatis
814 1666 1014 1707 dominus
1042 1680 1115 1707 rex
1145 1664 1360 1706 commisit
1390 1665 1606 1706 Willelmo
1635 1665 1786 1715 Meri-e,
1808 1665 1871 1706 ita
1895 1666 2008 1721 quod

466 1737 742 1793 responderet
770 1735 942 1777 domino
964 1735 1055 1791 regi
1077 1735 1130 1776 de
1153 1734 1353 1777 exitibus.
1416 1741 1459 1776 et
1481 1735 1654 1777 duravit
1682 1735 1766 1776 ista
1791 1735 1956 1777 vacatio
1984 1751 2009 1776 a

465 1821 576 1848 110110
607 1806 676 1847 die
709 1805 870 1861 Aprilis
901 1819 1013 1845 anno
1045 1804 1150 1854 viii0,
1171 1819 1256 1860 quo
1287 1804 1356 1845 die
1389 1804 1479 1860 ipse
1505 1804 1636 1845 abbas
1662 1804 1782 1854 obiit,
1803 1820 1938 1860 usque
1964 1805 2008 1845 in

466 1876 581 1917 xxvii
607 1875 721 1916 diem
747 1873 945 1916 Januarii
976 1888 1088 1914 anno
1119 1879 1175 1922 x⁰‚
1197 1873 1359 1914 scilicet
1391 1888 1467 1928 per
1498 1889 1633 1914 unum
1664 1889 1826 1915 annum
1855 1880 1899 1915 et
1926 1874 2009 1915 tria

464 1946 682 2001 quarteria
721 1945 823 1986 anni
865 1951 909 1986 et
950 1944 1022 1985 xxi
1064 1944 1178 1994 dies3
1228 1950 1463 1999 antequam
1513 1944 1715 1986 liberaret
1756 1944 2009 2000 temporalia

464 2016 664 2057 abbatiae
700 2015 944 2071 praedictae
983 2014 1199 2055 Willelmo
1236 2013 1509 2070 Curlyngton
1546 2014 1590 2055 in
1627 2014 1828 2056 abbatem
1868 2014 2007 2055 West-

466 2085 714 2128 monasterii
751 2085 886 2126 electo
922 2090 966 2125 et
1000 2085 1261 2133 confirmato,
1291 2090 1340 2125 ut
1373 2084 1544 2141 plenius
1580 2090 1703 2140 patet
1736 2084 1781 2125 in
1813 2090 2009 2140 compoto

465 2156 570 2197 dicti
593 2155 800 2197 willelmi
826 2156 966 2196 Meri-e
996 2154 1048 2195 de
1078 2154 1268 2195 exitibus
1296 2154 1600 2211 temporalium
1627 2154 1768 2196 dictae
1796 2155 2009 2205 abbatiae,

466 2225 510 2266 in
536 2240 691 2281 magno
719 2225 859 2266 rotulo
888 2224 940 2265 de
970 2239 1080 2264 anno
1111 2230 1155 2264 x0
1184 2223 1296 2279 regis
1323 2224 1522 2265 Edwardi
1547 2224 1625 2265 filii
1655 2224 1768 2280 regis
1798 2224 2008 2273 Edwardi,
2051 2249 2066 2269 ρ

465 2293 605 2335 rotulo
635 2299 941 2349 compotorum.

553 2364 618 2404 De
641 2363 855 2404 Willelmo
888 2362 1180 2417 Curtlyngton
1211 2362 1379 2403 abbate.

554 2433 794 2474 Willelmus
816 2431 1087 2487 Curlyngton
1105 2446 1182 2487 per
1199 2431 1312 2472 viam
1330 2431 1508 2487 spiritus
1530 2431 1667 2473 sancti
1690 2432 1853 2473 electus
1875 2438 1940 2473 est
1962 2432 2007 2473 in

464 2502 664 2542 abbatem
689 2499 1061 2542 Westmonasterii
1089 2499 1207 2540 xxiv⁰
1228 2499 1297 2541 die
1327 2499 1484 2540 mensis
1513 2499 1676 2555 Aprilis
1701 2506 1797 2555 post
1825 2506 2005 2541 mortem

464 2570 671 2627 praedicti
705 2569 919 2611 Richardi.
981 2569 1049 2610 hic
1080 2575 1227 2610 autem
1258 2574 1383 2624 pater
1414 2568 1654 2610 manerium
1686 2569 1738 2610 de
1770 2569 1929 2625 Yslepe
1961 2569 2006 2610 in

463 2641 672 2682 comitatu
715 2639 907 2682 Oxoniae
947 2655 972 2680 a
1013 2638 1307 2680 fundamentis
1348 2639 1400 2680 de
1442 2654 1551 2680 novo
1591 2639 1844 2687 construxit,
1885 2639 2006 2680 valde

464 2717 726 2767 sumptuose,
750 2715 800 2751 ut
821 2709 982 2751 ibidem
1011 2709 1212 2758 cernitur,
1234 2708 1278 2750 in
1304 2709 1393 2750 loco
1415 2709 1459 2750 in
1482 2724 1565 2765 quo
1581 2709 1673 2764 jam
1696 2708 1845 2750 existit
1863 2723 1871 2758 3
1905 2708 2007 2763 quia

463 2787 565 2822 ante
607 2786 802 2836 tempora
842 2795 920 2821 sua
957 2779 1195 2820 manerium
1237 2779 1506 2834 praedictum
1548 2778 1593 2820 in
1633 2778 1716 2820 alio
1758 2779 1846 2820 loco
1876 2778 2007 2834 juxta

464 2849 684 2891 ecclesiam
732 2849 1046 2906 parochialem:
1087 2849 1131 2890 in
1173 2865 1257 2905 quo
1305 2850 1394 2891 loco
1435 2855 1609 2891 sanctus
1655 2864 1727 2890 rex
1771 2849 2006 2890 Edwardus

464 2925 593 2960 natus
640 2925 744 2967 erat,
786 2924 835 2959 ut
881 2918 1066 2958 habetur
1106 2917 1151 2958 in
1192 2918 1449 2973 telligrapho
1490 2917 1625 2973 ipsius
1666 2917 1790 2973 regis,
1831 2917 1905 2973 qui
1946 2917 2005 2959 sic

464 2988 639 3043 incipit:
671 2989 724 3029 In
755 2987 928 3028 nomine
960 2993 1133 3028 sanctae
1166 2993 1210 3028 et
1246 2987 1495 3028 individuae
1531 2987 1754 3036 trinitatis,
1790 2986 1925 3042 patris
1961 2992 2005 3027 et

462 3057 540 3098 filii
572 3063 617 3099 et
648 3057 826 3112 spiritus
857 3057 1006 3105 sancti,
1037 3071 1116 3112 ego
1153 3056 1388 3097 Edwardus
1420 3061 1498 3098 etc.
1561 3062 1605 3097 et
1636 3055 1747 3096 infra
1779 3056 1864 3096 fere
1895 3055 2005 3096 circa

462 3127 618 3167 finem:
662 3126 881 3167 Postremo
913 3139 991 3180 ego
1022 3124 1113 3180 ipse
1144 3139 1220 3180 pro
1251 3140 1325 3181 spe
1357 3124 1656 3166 retributionis
1687 3130 1898 3165 aeternae.
1960 3130 2004 3165 et

464 3196 596 3237 infra:
632 3195 759 3236 Posui
796 3195 840 3236 in
877 3194 1127 3236 dotalicium
1162 3201 1205 3235 et
1235 3193 1279 3234 in
1310 3200 1565 3250 perpetuam
1600 3193 1898 3235 hereditatem.
1960 3199 2004 3234 et

680 3278 722 3307 22
747 3277 978 3317 Curtlyngton
997 3277 1053 3317 Sp.
1354 3277 1396 3307 28
1420 3276 1461 3307 de
1479 3276 1708 3316 Curtlyngton
1727 3276 1783 3315 Sp.

2030 1196 2068 1217 10

2029 1542 2065 1572 15

2027 1888 2069 1909 ‘20

2028 2239 2065 2260 2-

2027 2591 2066 2620 30

2026 2937 2063 2967 35
