2385 3891
200 1034 251 1065 Cf.
271 1034 465 1065 ‘Domesd.⁷

200 1078 222 1109 f.
244 1078 316 1109 464.

490 422 582 466 118
788 417 972 466 Flete’s
1008 416 1233 479 History
1269 415 1338 478 of
1366 414 1722 464 ·Westminster

486 542 530 582 in
552 541 711 583 chartis
733 542 832 582 inde
859 540 1073 582 confectis.
1134 540 1208 580 sed
1236 555 1290 581 ne
1318 539 1433 595 prior
1461 545 1505 580 et
1534 543 1769 580 conventus
1799 537 1905 579 vitio
1930 552 2024 593 pro-

485 611 683 666 prietatis
718 610 861 666 aliquo
897 609 1022 650 modo
1059 609 1326 651 incurrerent
1367 624 1496 664 super
1535 608 1704 649 residuo
1744 607 2024 663 pecuniarum

485 685 734 720 remanente
756 684 852 734 post
873 677 1224 719 distributionem
1246 692 1485 734 pauperum
1508 678 1664 718 factam
1690 677 1735 718 in
1762 676 1877 718 dicto
1905 676 2025 717 anni-

486 748 680 798 versario,
703 748 891 797 tandem,
913 753 1009 803 post
1030 747 1238 803 plurimas
1255 747 1551 788 contentiones
1568 746 1682 787 inter
1695 746 1807 802 ipsos
1824 746 2025 787 abbatem

486 817 669 872 priorem
691 822 735 858 et
764 822 1024 857 conventum
1053 823 1167 857 ortas
1195 821 1239 857 et
1267 816 1423 865 finitas,
1452 815 1697 871 praedictus
1725 815 1856 856 abbas
1884 814 1954 870 pie
1982 820 2026 855 et

486 885 816 926 misericorditer
836 900 933 926 cum
956 884 1041 925 illis
1057 884 1333 939 dispensavit,
1352 890 1401 925 ut
1418 883 1461 924 in
1479 884 1676 939 sequenti
1694 883 1842 924 charta
1857 882 2027 939 plenius

485 955 754 996 continetur:

573 1024 790 1065 Walterus
823 1024 875 1065 de
911 1023 1094 1065 Wenlok
1130 1023 1408 1079 permissione
1440 1023 1587 1064 divina
1619 1023 1749 1065 abbas
1784 1023 2025 1064 Westmon-

485 1093 631 1135 asterii
661 1093 829 1135 dilectis
858 1093 939 1134 sibi
968 1092 1012 1133 in
1039 1092 1212 1135 Christo
1239 1092 1350 1141 filiis,
1378 1092 1590 1148 suppriori
1620 1099 1663 1134 et
1691 1092 1922 1133 conventui
1950 1107 2026 1133 suo

488 1162 872 1212 Westmonasterii,
913 1163 1097 1204 salutem
1139 1162 1184 1203 in
1224 1162 1406 1203 domino.
1468 1162 1685 1203 affectioni
1726 1169 1770 1204 et
1811 1161 2026 1203 voluntati

486 1232 648 1274 domini
686 1232 883 1273 Edwardi
915 1232 1027 1288 regis
1058 1232 1242 1288 Angliae
1274 1232 1453 1273 illustris
1484 1247 1621 1288 nuper
1651 1232 1844 1273 defuncti
1875 1231 2026 1273 conde-

486 1302 685 1344 scendere
715 1308 759 1343 et
790 1308 1004 1357 quatenus
1035 1301 1152 1343 licite
1183 1301 1420 1357 poterimus
1454 1302 1664 1357 complere
1700 1301 1935 1357 cupientes,
1964 1316 2027 1342 re-

485 1372 657 1413 siduum
694 1371 1023 1422 distributionis,
1059 1371 1094 1412 si
1126 1371 1230 1426 quid
1261 1371 1514 1413 remanserit
1546 1378 1642 1428 post
1675 1371 2026 1413 distributionem

484 1456 723 1497 pauperum
747 1442 903 1482 factam
929 1440 974 1481 in
1003 1440 1072 1481 die
1098 1440 1376 1481 anniversarii
1406 1441 1543 1482 clarae
1570 1440 1800 1482 memoriae
1829 1440 2026 1481 dominae

485 1510 713 1552 Alianorae
735 1510 950 1565 quondam
981 1509 1154 1566 reginae
1183 1509 1380 1565 Angliae,
1409 1509 1614 1550 consortis
1643 1509 1835 1564 ejusdem
1864 1509 2026 1550 domini

485 1580 609 1637 regis,
626 1580 678 1621 ad
702 1586 864 1621 vestras
886 1579 1098 1635 pitancias
1120 1594 1195 1621 seu
1217 1579 1332 1621 inter
1350 1595 1421 1621 vos
1443 1579 1724 1621 dividendum
1742 1579 2028 1635 assignamus3

486 1656 530 1691 et
566 1656 713 1691 tenore
750 1649 1043 1706 praesentium
1080 1649 1372 1691 consentimus
1408 1665 1459 1691 ex
1497 1649 1638 1706 gratia
1673 1656 1818 1691 nostra
1854 1649 2027 1706 speciali

485 1719 660 1760 uberius
682 1719 800 1759 vobis
822 1718 1114 1768 concedentes,
1136 1719 1249 1774 quod
1271 1734 1368 1759 cum
1391 1719 1762 1775 qualitercumque
1791 1734 1865 1760 seu
1891 1719 2027 1774 quali-

485 1803 668 1844 cumque
698 1804 749 1829 ex
778 1804 906 1830 causa
933 1794 1075 1830 custos
1107 1788 1395 1829 maneriorum
1427 1788 1481 1829 ad
1512 1787 1852 1829 anniversarium
1886 1787 2027 1830 dictae

484 1857 657 1913 reginae
678 1872 755 1913 per
775 1856 1042 1913 praedictum
1061 1857 1285 1898 dominum
1302 1873 1445 1914 regem
1464 1873 1756 1899 concessorum
1776 1864 1820 1899 et
1836 1857 2025 1914 assigna-

488 1933 627 1968 torum
659 1926 846 1968 amoveri
878 1926 1119 1982 contigerit,
1152 1927 1349 1968 volumus
1380 1942 1455 1983 pro
1487 1926 1609 1968 nobis
1641 1932 1685 1968 et
1717 1926 2028 1968 successoribus

484 1995 652 2045 nostris,
673 1996 787 2052 quod
809 1995 893 2036 duo
916 1996 1066 2037 fratres
1088 1995 1223 2036 nostri
1245 2002 1480 2037 conventus
1502 2011 1578 2052 per
1599 2011 1671 2037 vos
1694 1996 1819 2038 electi
1840 1995 1963 2037 nobis
1985 2002 2029 2037 et

485 2065 796 2107 successoribus
817 2065 974 2106 nostris
996 2071 1350 2121 praesententur3
1382 2081 1432 2107 ex
1456 2065 1613 2121 quibus
1634 2065 1670 2106 is
1692 2081 1817 2121 quen]
1849 2080 1924 2106 nos
1952 2080 2027 2106 seu

485 2149 743 2176 successores
765 2134 899 2175 nostri
921 2134 1171 2175 duxerimus
1193 2149 1266 2175 seu
1297 2134 1501 2176 duxerint
1526 2134 1859 2184 admittendum,
1888 2134 2029 2176 eidem

486 2219 587 2245 cura
612 2203 900 2244 maneriorum
918 2203 1237 2259 praedictorum
1260 2203 1312 2244 de
1335 2210 1503 2245 caetero
1525 2204 1848 2254 committaturg
1881 2209 1930 2245 ut
1951 2218 2028 2259 per

487 2274 591 2315 haec
613 2273 750 2314 omnis
772 2273 1124 2314 murmurationis
1146 2273 1327 2314 materia
1349 2280 1392 2314 et
1414 2273 1587 2322 occasio,
1608 2289 1717 2328 quae
1738 2289 1815 2329 per
1834 2273 2027 2329 regulam

488 2342 605 2384 beati
621 2342 845 2383 Benedicti
860 2342 1089 2398 praecipue
1104 2342 1369 2393 inhibentur,
1384 2358 1409 2383 a
1430 2343 1551 2384 nobis
1569 2343 1621 2384 de
1639 2349 1806 2384 caetero
1820 2343 2030 2383 tollantur

488 2419 532 2454 et
554 2411 836 2467 extirpentur.
899 2411 1079 2452 manerii
1102 2427 1199 2453 vero
1221 2412 1273 2453 de
1288 2412 1528 2453 Durherste
1550 2427 1626 2468 per
1642 2427 1717 2452 nos
1734 2412 1853 2453 vobis
1870 2418 1914 2453 et
1936 2426 2027 2452 suc-

487 2481 723 2522 cessoribus
745 2480 898 2521 vestris
928 2481 1126 2531 concessi,
1155 2481 1342 2522 ordinati
1371 2487 1415 2522 et
1447 2481 1668 2537 assignati,
1691 2481 1886 2522 volumus
1915 2481 2028 2536 quod

487 2551 539 2592 de
561 2565 734 2592 assensu
757 2556 901 2592 nostro
923 2556 967 2592 et
988 2566 1277 2592 successorum
1307 2557 1548 2593 nostrorum
1578 2556 1804 2606 vestraque
1834 2550 2027 2592 unanimi

488 2622 710 2663 voluntate
732 2627 775 2662 et
802 2621 1009 2662 electione
1037 2621 1153 2664 fideli
1182 2621 1269 2662 filio
1298 2621 1499 2663 ecclesiae
1529 2627 1572 2662 et
1602 2620 1807 2662 monacho
1836 2620 2030 2662 custodia

489 2690 798 2740 committatur,
831 2690 905 2746 qui
937 2690 1056 2732 vobis
1087 2690 1360 2732 ratiocinium
1392 2691 1445 2732 de
1477 2690 1626 2732 eodem
1658 2690 1847 2731 manerio
1878 2690 2029 2732 reddat

489 2758 714 2800 annuatim
731 2773 739 2810 3
770 2765 814 2800 et
836 2759 949 2814 quod
971 2774 1100 2815 super
1120 2765 1317 2815 compoto
1339 2759 1532 2815 ejusdem
1555 2759 1607 2800 de
1633 2759 1820 2815 proficuo
1849 2760 2028 2801 manerii

490 2827 697 2884 praedicti
719 2828 833 2868 ultra
854 2828 1167 2869 concessionem
1189 2834 1375 2870 vestram
1397 2844 1472 2884 pro
1494 2829 1633 2870 salute
1662 2828 1830 2869 animae
1858 2834 2028 2871 nostrae

490 2896 756 2951 temporibus
778 2896 1025 2937 successivis
1047 2896 1284 2938 faciendam
1306 2896 1560 2938 remanserit
1576 2896 1814 2946 annuatim,
1832 2898 2028 2939 volumus

556 3001 575 3030 8
599 2998 786 3039 walterus]
803 2998 969 3030 Ricardus
982 2999 1039 3039 Sp.
1057 3000 1273 3040 (apparently
1285 3001 1379 3032 Flete
1392 3000 1500 3041 began
1518 3002 1552 3032 to
1570 3010 1655 3041 copy
1670 3000 1729 3032 the
1744 3000 1876 3032 similar
1892 3000 2026 3041 dispen-

491 3050 603 3082 sation
620 3050 656 3081 of
670 3049 822 3081 Richard
837 3049 878 3081 de
895 3050 1113 3091 Kedyngton,
1132 3051 1244 3083 which
1261 3052 1497 3093 immediately
1514 3051 1644 3084 follows
1661 3051 1698 3083 in
1712 3056 1719 3069 ⁴
1730 3051 1947 3092 Domesday,’
1961 3053 2028 3084 and

491 3103 550 3134 the
567 3102 775 3142 subsequent
791 3103 1000 3134 corrections
1019 3113 1102 3135 were
1118 3104 1363 3146 incompletely
1379 3105 1505 3148 made).
1607 3107 1626 3138 9
1651 3105 1837 3146 suppriori]
1854 3105 1875 3136 d
1889 3117 1897 3144 ;
1922 3105 2028 3145 priori

491 3154 533 3185 W
551 3154 608 3194 Sp.
629 3154 679 3195 (as
698 3154 733 3184 in
750 3154 790 3184 R.
808 3153 849 3185 de
867 3153 935 3196 K).
1042 3156 1082 3186 14
1107 3166 1168 3187 om.
1186 3166 1377 3196 pauperum
1393 3157 1435 3188 W
1454 3157 1512 3198 Sp.
1618 3158 1658 3188 15
1682 3167 1742 3188 om.
1761 3157 1894 3188 domini
1909 3157 1951 3188 W
1969 3158 2027 3198 Sp.

493 3206 533 3237 16
557 3205 756 3237 dividendas
773 3205 815 3236 W
833 3206 891 3246 Sp.
1011 3207 1052 3239 20
1076 3217 1137 3238 om.
1154 3217 1396 3240 concessorum
1413 3211 1445 3240 et
1463 3208 1495 3240 d.
1609 3209 1649 3240 26
1674 3210 1834 3249 materia]
1850 3219 1955 3241 causa
1971 3209 2024 3241 W.

492 3259 533 3290 29
556 3268 616 3289 om.
634 3257 785 3289 ordinati
801 3258 842 3290 W
861 3258 918 3298 Sp.
1105 3260 1146 3290 34
1170 3260 1276 3301 ultra]
1293 3270 1400 3301 usque
1416 3261 1458 3292 W
1477 3261 1533 3301 Sp.
1722 3262 1763 3292 35
1787 3260 1956 3292 remansit
1972 3260 2026 3292 W.

2050 1177 2087 1198 10

2047 1875 2088 1897 ’ΖΟ

2047 2225 2086 2255 25

2047 2572 2088 2602 30

2048 2917 2086 2947 35
