2385 3891
485 443 578 489 138
790 437 967 487 Flete's
1003 436 1067 484 H
1067 435 1228 495 {story
1267 433 1334 495 of
1369 432 1721 482 Westmv‘ozster

568 565 620 605 In
643 578 797 619 magno
814 562 953 603 rotulo
970 560 1022 601 de
1040 574 1151 601 anno
1168 559 1333 600 decimo
1355 558 1467 614 regis
1486 558 1689 599 Richardi
1706 558 1882 600 secundi
1904 558 1949 599 in
1971 574 2020 601 ss.

481 634 596 675 Item
614 631 873 682 Londoniae,
888 637 966 672 etc.
1010 629 1209 671 dominus
1231 644 1303 670 rex
1322 628 1561 669 Richardus
1579 628 1790 669 secundus
1807 628 2022 669 commisit

481 702 720 744 custodiam
738 701 930 742 omnium
949 698 1252 755 temporalium
1275 704 1319 739 et
1342 697 1593 738 libertatum
1616 712 1711 738 cum
1734 697 2021 753 pertinentiis,

481 786 590 827 quae
613 771 788 811 fuerunt
810 768 1009 810 Nicholai
1035 782 1174 823 nuper
1194 765 1365 808 abbatis
1392 765 1585 821 ejusdem
1608 765 1807 807 abbatiae
1829 766 2021 808 defuncti

481 841 524 881 in
548 854 676 880 manu
700 838 811 894 regis
833 836 1114 879 existentium
1141 850 1218 892 per
1240 840 1421 876 mortem
1444 835 1635 890 ejusdem
1659 834 1870 883 Nicholai,
1892 835 2021 891 priori
2043 849 2059 878 5

481 916 524 950 et
553 907 782 950 conventui
816 905 1217 955 VVestmonasterii3
1253 904 1495 946 habendam
1525 911 1569 946 et
1598 905 1828 946 tenendam
1858 920 1883 945 a
1914 911 2021 946 tem-

480 993 580 1034 pore
618 977 767 1019 mortis
804 976 996 1032 ejusdem
1035 974 1247 1024 Nicholai,
1288 973 1495 1030 quamdiu
1533 973 1649 1016 dicta
1691 974 1943 1031 temporalia
1979 981 2022 1015 et

481 1048 703 1089 libertates
735 1047 778 1088 in
812 1062 942 1088 manu
974 1045 1087 1101 regis
1118 1043 1349 1100 contigerit
1378 1057 1610 1092 remanere,
1632 1048 1737 1092 etc.;
1770 1042 1970 1084 videlicet
1997 1058 2022 1083 a

481 1117 600 1158 xxix⁰
625 1116 694 1157 die
716 1115 975 1157 Novembris
1000 1129 1111 1156 anno
1132 1112 1352 1170 praedicto
1380 1112 1493 1168 regis
1515 1112 1691 1162 decimo,
1712 1127 1796 1168 quo
1817 1112 1886 1153 die
1908 1112 2021 1153 idem

480 1186 612 1228 abbas
643 1185 780 1227 obiit:
816 1184 1094 1233 reddendum,
1124 1191 1202 1225 etc.
1235 1181 1347 1224 sicut
1379 1181 1629 1223 continetur
1659 1181 1703 1222 in
1737 1181 2023 1223 memorandis
2046 1199 2082 1220 10

481 1271 532 1297 ex
558 1261 680 1311 parte
712 1253 1054 1296 rememoratoris
1080 1251 1372 1294 thesaurariae
1402 1251 1454 1292 de
1488 1266 1599 1292 anno
1633 1250 1711 1291 xii0
1742 1251 1855 1307 regis
1882 1251 2022 1306 hujus,

482 1325 596 1366 inter
620 1324 767 1365 brevia
792 1328 972 1365 executa
999 1337 1075 1378 pro
1105 1336 1204 1377 rege
1232 1321 1284 1362 de
1312 1321 1496 1362 termino
1525 1320 1663 1362 sancti
1693 1320 1927 1370 Michaelis,
1947 1336 2024 1377 per

482 1395 609 1436 breve
632 1393 743 1449 regis
766 1392 1053 1442 irrotfflatum,
1075 1391 1120 1431 in
1141 1390 1430 1431 memorandis
1450 1390 1503 1431 de
1525 1404 1637 1431 anno
1659 1389 1738 1430 xii0
1759 1389 1871 1446 regis
1894 1390 2023 1446 hujus

483 1463 667 1506 termino
702 1462 937 1512 Michaelis,
965 1461 1105 1503 rotulo
1142 1460 1301 1510 xxxix0,
1327 1460 1371 1501 in
1403 1475 1487 1516 quo
1520 1459 1778 1509 continetur,
1802 1460 1916 1515 quod
1948 1475 2020 1501 rex

482 1534 596 1575 dicto
644 1533 808 1574 decimo
858 1532 927 1573 die
979 1530 1248 1587 Septembris
1293 1545 1405 1571 anno
1453 1529 1514 1570 ΧΓ)
1564 1528 1757 1570 restituit
1806 1529 2021 1571 Willelmo
2044 1544 2079 1573 15

483 1603 730 1645 Colchestre
758 1617 872 1643 nunc
903 1601 1051 1642 abbati
1081 1600 1160 1641 loci
1188 1599 1395 1656 praedicti
1434 1598 1687 1655 temporalia
1719 1598 1949 1653 praedicta,
1978 1606 2022 1640 et

483 1689 532 1714 ea
554 1673 633 1714 sibi
657 1671 879 1713 mandavit
901 1670 1083 1712 liberari.
1140 1676 1184 1711 et
1207 1669 1266 1710 sic
1286 1674 1410 1725 patet
1431 1668 1544 1724 quod
1562 1668 1646 1709 ista
1668 1667 1832 1708 vacatio
1850 1667 2022 1709 duravit

481 1757 506 1782 a
528 1741 727 1782 vicesimo
750 1756 860 1782 nono
881 1740 950 1781 die
974 1739 1131 1780 mensis
1157 1737 1416 1779 Novembris
1438 1752 1572 1793 usque
1594 1737 1648 1778 ad
1669 1736 1883 1778 decimum
1906 1736 2019 1778 diem

483 1810 752 1868 Septembris
773 1810 964 1867 proxime
987 1814 1252 1864 sequentem,
1271 1807 1470 1849 videlicet
1487 1822 1563 1863 per
1579 1807 1662 1848 tria
1682 1806 1900 1861 quarteria
1920 1808 2019 1848 anni

482 1888 525 1923 et
547 1881 652 1922 duas
674 1880 936 1936 septimanas
958 1885 1001 1920 et
1023 1877 1220 1934 amplius,
1242 1883 1321 1919 etc.
2041 1890 2081 1911 20

866 1983 882 2012 1
907 1992 966 2013 om.
988 1991 1033 2012 ss.
1053 1981 1110 2021 Sp.
1297 1980 1336 2011 16
1361 1979 1555 2010 Cholcester
1573 1979 1630 2018 Sp.
