2385 3891
500 410 561 454 38
807 402 989 451 Flele’s
1024 399 1247 461 Historgs
1284 398 1350 461 os
1387 396 1735 446 Wescmi'nster

501 530 629 571 deum
652 535 696 570 et
719 527 1080 574 benedicentium,
1098 525 1171 581 qui
1193 525 1246 566 ad
1268 524 1396 566 fidem
1420 523 1612 565 omnium
1634 521 1967 564 confirmandam
1991 520 2036 562 in

503 599 632 655 hujus
669 597 821 654 templi
855 595 1113 638 sanctissimi
1147 594 1416 636 dedicatione
1452 593 1558 634 caeli
1591 598 1815 647 terraeque
1850 590 2035 647 patriam

503 685 633 711 unam
666 668 765 709 fecit
796 666 1116 723 rempublicam.

221 753 293 785 The
309 752 396 784 tithe
412 752 448 783 of
591 738 679 779 Dat
715 737 842 778 fidem
879 736 1082 777 miraculo
1118 733 1341 790 piscatoris
1376 733 1492 775 illius
1533 738 1626 774 tota
1666 731 1884 781 successio,
1916 745 2038 786 quae,

221 797 485 872 {ffimnfflgffiffits
504 808 615 849 sicut
651 822 676 848 a
708 812 831 862 patre
865 810 1098 860 acceperat,
1136 804 1270 846 totius
1311 802 1592 845 emolumenti
1625 801 1739 858 quod
1780 801 1820 842 ei
1859 815 1925 842 ars
1966 799 2039 840 illa
2059 809 2076 839 5

503 877 704 932 deinceps
732 876 942 917 conferret
969 874 1097 916 beato
1127 874 1254 915 Petro
1283 873 1408 929 eique
1437 871 1723 914 servientibus
1751 870 1900 912 offerre
1928 868 2039 910 deci-

504 962 595 988 mas
616 961 701 987 non
722 945 948 987 desineret.

221 1083 284 1114 111.
328 1083 429 1132 ⁸From
591 1071 844 1128 Capitulum
882 1071 1072 1113 tertium.
1145 1071 1211 1112 De
1248 1070 1395 1112 eadem
1435 1069 1626 1120 materia,
1662 1074 1789 1125 prout
1830 1066 2042 1123 reperitur

223 1126 376 1200 ffglfflfl}
388 1126 450 1209 (ἐξ),
504 1141 549 1183 in
591 1141 682 1183 vita
722 1141 860 1183 sancti
903 1140 1062 1182 Melliti
1104 1140 1291 1196 episcopi
1333 1139 1654 1189 Londoniensis,
1695 1135 2041 1193 contemporanei

224 1212 408 1252 GosoelinJ.
504 1212 642 1253 sancti
673 1211 923 1268 Augustini,
955 1217 1033 1253 etc.
2066 1223 2104 1244 10

224 1306 393 1342 Cf.Bede,
594 1299 721 1340 Anno
757 1298 995 1340 dominicae
1027 1297 1334 1339 incarnationis
1365 1295 1674 1338 sexcentesimo
1706 1299 1859 1350 quarto
1889 1293 2043 1334 beatus

224 1352 271 1381 H.
289 1352 332 1414 E.
351 1359 378 1380 Π
396 1351 425 1381 3.
509 1367 783 1424 Augustinus
815 1367 1140 1409 Britanniarum
1171 1366 1514 1423 archiepiscopus
1550 1363 1765 1407 ordinavit
1796 1363 1902 1404 duos
1933 1360 2042 1417 epis-

509 1452 645 1492 copos,
682 1436 899 1478 Mellitum
931 1443 976 1478 et
1007 1436 1209 1477 Justum:
1261 1435 1476 1477 Mellitum
1510 1435 1563 1476 ad
1594 1432 1928 1490 praedicandum
1949 1445 2043 1487 pro-

513 1505 675 1546 vinciae
698 1505 988 1548 Orientalium
1015 1505 1247 1554 Saxonum,
1268 1504 1342 1560 qui
1364 1505 1399 1545 T
1403 1504 1604 1545 hamense
1627 1502 1756 1544 fluvio
1782 1501 2045 1542 dirimuntur

509 1590 535 1615 a
572 1575 747 1624 Kantia,
779 1580 823 1616 et
855 1575 936 1630 ipsi
968 1574 1166 1615 orientali
1198 1573 1304 1614 mari
1340 1573 1543 1629 contigui,
1580 1587 1761 1628 quorum
1798 1568 2045 1625 metropolis
2068 1586 2104 1616 15

511 1644 733 1685 Londonia
755 1643 906 1685 civitas
928 1651 1004 1693 est,
1027 1658 1155 1699 super
1176 1643 1313 1699 ripam
1336 1642 1588 1684 Thamensis
1617 1641 1807 1683 fluminis
1828 1640 1980 1696 posita,
2002 1645 2046 1680 et

509 1713 602 1769 ipsa
625 1713 859 1754 multorum
883 1712 1122 1768 emporium
1139 1714 1394 1768 populorum
1417 1719 1531 1754 terra
1552 1711 1744 1767 marique
1766 1709 2045 1751 venientium.

510 1783 555 1824 in
577 1798 662 1839 qua
683 1789 813 1839 gente
836 1789 939 1824 tunc
962 1782 1166 1839 temporis
1189 1783 1407 1833 Sebertus,
1429 1798 1560 1839 nepos
1590 1780 1833 1823 Ethelberti
1861 1780 1973 1837 regis
1995 1795 2047 1821 ex

513 1868 652 1894 sorore
690 1852 852 1901 Ricula,
888 1852 969 1893 sub
1003 1852 1196 1908 ejusdem
1234 1852 1477 1894 Ethelberti
1509 1857 1725 1908 potestate
1756 1850 1922 1907 positus
1954 1864 2046 1905 reg-

510 1922 653 1964 nabat.
715 1921 789 1963 ubi
814 1936 910 1962 vero
933 1921 1036 1962 haec
1058 1921 1275 1977 provincia
1296 1937 1393 1963 cum
1416 1922 1507 1978 ipso
1530 1937 1629 1978 rege
1652 1920 1830 1962 verbum
1852 1918 2048 1961 veritatis
2068 1940 2108 1963 20

510 1992 786 2048 praedicante
826 1992 954 2033 beato
996 1991 1163 2033 Mellito
1199 1992 1399 2048 suscepit,
1437 1993 1537 2034 fecit
1578 2008 1651 2034 rex
1689 1991 1970 2033 Ethelbertus
2002 1989 2048 2030 in

511 2061 687 2103 civitate
710 2061 931 2102 Londonia
953 2061 1174 2102 ecclesiam
1196 2062 1332 2103 sancti
1364 2062 1487 2104 Pauli
1515 2061 1707 2118 apostoli,
1729 2061 1774 2102 in
1803 2076 1887 2116 qua
1908 2060 2047 2101 locum

510 2131 624 2173 sedis
658 2131 910 2187 episcopalis
944 2137 988 2172 et
1021 2130 1112 2186 ipse
1144 2137 1318 2174 sanctus
1352 2132 1546 2173 Mellitus
1583 2137 1627 2173 et
1663 2145 1923 2173 successores
1954 2129 2047 2184 ejus

511 2201 730 2242 haberent.
801 2200 979 2241 beatum
1015 2215 1112 2241 vero
1147 2201 1327 2242 Justum
1361 2201 1406 2242 in
1442 2201 1535 2257 ipsa
1568 2200 1731 2242 Kantia
1757 2200 1836 2241 deo
1864 2199 2047 2241 dilectus

511 2275 635 2325 pater
662 2269 936 2324 Augustinus
964 2269 1211 2325 episcopum
1241 2270 1456 2312 ordinavit
1487 2271 1532 2311 in
1561 2270 1737 2311 civitate
1770 2269 1973 2319 Roffensi,
2002 2269 2045 2310 in
2068 2285 2106 2316 ²5

511 2353 596 2393 qua
627 2352 700 2378 rex
734 2337 1014 2378 Ethelbertus
1046 2337 1163 2379 beati
1194 2338 1393 2380 Andreae
1425 2339 1606 2394 apostoli
1638 2338 1859 2380 ecclesiam
1892 2337 2003 2379 fecit.

228 2417 381 2447 Mellitus
599 2408 740 2460 Quam
783 2423 880 2449 vero
921 2408 1105 2449 dilectus
1153 2408 1232 2449 deo
1282 2415 1326 2450 et
1374 2409 1569 2465 supernis
1610 2408 1775 2449 civibus
1817 2407 2048 2448 mellifluus

226 2459 470 2534 {ffffigzegnse-
511 2477 706 2518 Mellitus
747 2477 953 2527 extiterit,
994 2478 1126 2519 etiam
1168 2478 1213 2519 in
1254 2479 1403 2520 inclita
1449 2479 1625 2520 ecclesia
1665 2493 1773 2534 quae
1822 2478 1902 2519 sub
1943 2476 2048 2518 urbe

227 2546 469 2621 (iiiztsiffrialiggter
512 2546 733 2588 Londonia
765 2547 820 2588 ab
856 2547 1075 2589 occidente
1110 2562 1186 2588 sua
1219 2547 1383 2589 attollit
1417 2547 1601 2604 fastigia,
1633 2553 1677 2588 et
1708 2547 1762 2588 ab
1798 2547 1891 2602 ipsa
1922 2546 2050 2602 plaga

228 2633 271 2672 by
290 2633 328 2665 St
344 2633 443 2664 Peter
513 2616 945 2657 Westmonasterium
997 2622 1062 2658 est
1112 2617 1341 2673 appellata,
1392 2617 1601 2658 divinitus
1651 2616 1868 2667 clarescit3
1928 2616 2050 2671 cujus
2070 2637 2111 2668 30

227 2676 375 2708 himself.
513 2685 797 2727 dedicationis
829 2686 1015 2727 officium
1052 2701 1128 2727 suo
1162 2686 1310 2727 honori
1343 2686 1563 2727 decretum
1595 2701 1671 2742 per
1701 2701 1745 2727 se
1775 2685 2050 2727 beatissimus

513 2755 801 2811 apostolorum
838 2755 1036 2811 princeps
1069 2756 1222 2797 Petrus
1252 2771 1328 2811 pro
1359 2756 1451 2811 ipso
1488 2755 1655 2797 Mellito
1687 2756 1765 2796 hoc
1796 2755 1943 2796 ordine
1980 2770 2050 2796 ex-

514 2824 659 2880 plevit.
721 2831 896 2866 venerat
928 2825 1042 2866 idem
1073 2825 1266 2881 pontifex
1297 2825 1459 2880 paratis
1493 2826 1619 2866 rebus
1656 2825 1709 2866 ad
1741 2825 1850 2866 hanc
1882 2824 2050 2866 dedica-

515 2893 688 2942 tionem,
711 2900 755 2934 et
777 2893 872 2934 fixis
894 2893 1092 2934 tentoriis
1120 2909 1145 2934 a
1166 2893 1345 2935 dimidio
1375 2894 1556 2935 miliario
1585 2893 1821 2935 crastinum
1847 2892 2051 2934 dominici

514 2962 600 3004 diei
618 2962 857 3004 diluculum
875 2964 1142 3019 expectabat.
1192 2963 1284 3019 ipsa
1301 2963 1437 3020 igitur
1452 2969 1576 3004 nocte
1593 2963 1807 3004 dominica
1823 2963 2051 3004 aethereus
2071 2981 2110 3012 35

515 3032 586 3074 ille
608 3033 774 3088 janitor
801 3040 920 3075 stans
949 3034 991 3075 in
1024 3034 1217 3075 ulteriori
1246 3034 1499 3075 Thamensis
1526 3033 1647 3074 fluvii
1672 3033 1776 3089 ripa,
1805 3032 1879 3088 qui
1909 3031 2051 3087 ipsum

515 3103 824 3144 monasterium
854 3103 990 3153 alluit,
1013 3109 1161 3144 vocato
1190 3103 1400 3159 piscatore
1429 3103 1503 3159 qui
1534 3109 1637 3144 tunc
1666 3102 1803 3143 noctis
1833 3102 2050 3143 fiuvialem

581 3193 645 3223 4ff.
671 3193 1464 3233 dant...aeceperaut...eis...contulit...‹1esunt
1480 3193 1546 3224 Ail.
1725 3194 1764 3224 18
1791 3192 1930 3224 Saberct
1947 3192 2049 3224 Bede.

517 3245 557 3275 20
581 3247 752 3285 ver0]÷et
768 3246 859 3277 Bede
877 3245 978 3277 Gosc.
1329 3246 1368 3275 21
1394 3244 1525 3284 accepit
1542 3244 1634 3276 Bede
1652 3244 1751 3275 Gosc.
