2385 3891
478 435 571 479 136
775 430 957 479 Flete’s
993 429 1057 477 H
1054 428 1218 492 istory
1254 429 1322 492 of
1357 429 1705 479 Westm‘e'ozster

473 571 571 597 nem
603 572 650 597 ac
681 555 1001 597 renovationem
1034 555 1270 596 faciendam
1308 556 1574 611 temporibus
1611 557 1778 607 futuris,
1810 557 2009 612 quotiens

472 640 578 680 opus
600 624 739 665 fuerit.
801 630 844 665 et
866 639 941 680 pro
962 623 1192 680 praedictis
1213 624 1359 665 decem
1385 625 1535 666 marcis
1552 625 1807 680 perquisivit
1823 625 2009 681 portioni

471 694 677 735 abbatum
707 694 949 734 futurorum
978 699 1112 735 terras
1141 699 1185 735 et
1214 699 1464 735 tenementa
1492 694 1647 750 Rogeri
1676 695 1821 736 Belett
1842 695 1888 736 in
1910 695 2011 736 villa

472 763 524 805 de
560 764 751 812 Lalham,
781 778 890 818 quae
926 763 1071 804 valent
1102 778 1179 819 per
1210 778 1372 804 annum
1410 764 1524 805 ultra
1556 764 1738 820 reprisas
1773 780 1799 805 x
1837 780 2009 806 marcas.

430 840 433 841 ’
472 833 646 888 insuper
667 832 799 874 etiam
821 832 941 874 dedit
963 833 1275 874 successoribus
1297 833 1385 874 suis
1407 833 1637 875 abbatibus
1659 834 1759 875 xxiv
1781 834 1928 884 discos,
1950 834 2010 875 xii
2030 850 2046 880 5

187 2441 414 2481 Controversy

186 2484 397 2523 concerning

187 2528 226 2559 St
245 2527 428 2568 Stephen’s

186 2571 326 2611 Chapel.

188 3057 260 3087 The
277 3057 414 3089 murder

187 3102 221 3131 os
238 3101 363 3132 Robert

187 3144 340 3184 Hawley.

471 902 645 943 salsaria
673 908 716 942 et
748 902 790 942 iv
819 902 1039 958 chargeria
1071 902 1124 943 de
1156 909 1334 958 argento
1363 903 1562 958 ponderis
1598 903 1684 944 lxiv
1719 903 1948 954 librarum3
1979 903 2008 944 ii

471 971 574 1012 ollas
595 977 820 1027 argenteas
842 986 917 1026 pro
947 971 1056 1020 vino,
1076 971 1276 1026 ponderis
1305 971 1378 1012 viii
1401 971 1606 1013 librarum
1625 987 1632 1023 3
1664 988 1799 1013 unum
1822 973 2007 1029 cyphum

470 1047 723 1096 argenteum
749 1055 845 1081 cum
868 1055 1051 1096 aquareo
1072 1040 1278 1082 deaurato
1300 1041 1428 1097 pretii
1451 1057 1472 1082 c
1496 1042 1727 1083 solidorum
1745 1057 1754 1093 3
1785 1042 1844 1083 xii
1870 1043 2008 1098 platas

469 1116 706 1166 argenteas,
728 1109 927 1166 ponderis
949 1126 973 1150 x
998 1110 1202 1152 librarum
1219 1127 1227 1162 3
1258 1110 1289 1151 ii
1310 1112 1455 1166 pelves
1477 1126 1574 1152 cum
1597 1111 1627 1152 ii
1649 1112 1836 1168 aquariis
1858 1127 2008 1168 argen-

468 1179 561 1228 teis,
594 1178 793 1234 ponderis
830 1195 856 1219 x
892 1179 1098 1220 librarum
1115 1193 1124 1230 3
1156 1185 1201 1221 et
1237 1179 1267 1221 ii
1300 1195 1452 1236 parvos
1487 1181 1632 1236 pelves
1662 1186 1887 1237 argenteos
1918 1181 2009 1222 sine
2033 1197 2070 1218 10

468 1248 685 1297 lavatorio,
713 1248 912 1304 ponderis
943 1248 1001 1289 vii
1033 1248 1265 1290 librarum:
1297 1248 1359 1290 ita
1389 1249 1502 1305 quod
1533 1249 1649 1291 dicta
1681 1265 1781 1291 vasa
1810 1256 1907 1306 post
1937 1250 2008 1291 de-

468 1333 633 1358 cessum
671 1317 883 1358 dictorum
919 1317 1126 1359 abbatum
1160 1317 1450 1359 restituantur
1485 1318 1776 1361 thesaurariae
1808 1320 2009 1361 ecclesiae

469 1388 723 1444 praedictae,
752 1394 796 1429 et
825 1388 884 1430 sic
915 1394 1188 1430 reserventur
1218 1389 1451 1430 abbatibus
1479 1389 1637 1431 futuris
1665 1390 1709 1431 in
1738 1397 2010 1446 perpetuum,

469 1458 638 1514 signata
664 1458 795 1499 etiam
824 1473 922 1499 cum
952 1458 1108 1500 litteris
1137 1459 1367 1514 praedictis
1396 1459 1439 1500 N
1469 1465 1512 1500 et
1541 1459 1586 1500 L.
1648 1466 1692 1501 et
1713 1475 1789 1515 pro
1811 1459 1877 1501 his
1900 1460 2010 1501 vasis

469 1527 727 1583 supradictis
744 1543 989 1569 concessum
1008 1535 1073 1570 est
1091 1529 1230 1570 eidem
1248 1529 1420 1570 domino
1437 1529 1646 1570 Nicholao
1663 1545 1739 1585 per
1759 1529 2010 1586 capitulum,
2033 1542 2068 1572 15

468 1597 581 1652 quod
609 1603 705 1653 post
737 1597 904 1639 obitum
936 1613 1063 1639 suum
1095 1594 1277 1655 singuli‘s
1308 1599 1472 1649 diebus,
1494 1599 1548 1640 ad
1579 1599 1741 1655 gratias
1773 1605 2010 1640 conventus

468 1671 565 1721 post
586 1665 815 1721 prandium
845 1672 889 1707 et
917 1682 1066 1708 cenam
1098 1667 1143 1708 in
1169 1668 1295 1709 choro
1324 1668 1590 1717 terminatas,
1612 1668 1781 1709 dicetur
1806 1669 1860 1709 ab
1883 1668 2009 1709 ebdo-

470 1734 659 1775 madario
683 1734 846 1784 missae,
864 1736 929 1776 vel
949 1736 1083 1777 vicem
1101 1737 1194 1792 ejus
1215 1743 1394 1793 agente:
1426 1737 1586 1777 Anima
1608 1736 1807 1778 Nicholai
1829 1737 2010 1786 abbatis,

469 1811 513 1846 et
534 1804 703 1846 animae
725 1805 918 1846 omnium
940 1805 1131 1847 fidelium
1155 1806 1468 1856 defunctorum,
1489 1822 1565 1863 per
1586 1806 1919 1848 misericordiam
1941 1806 2010 1848 dei

468 1874 739 1930 requiescant
775 1875 820 1916 in
851 1890 954 1931 pace
972 1890 981 1926 3
1012 1883 1056 1917 et
1092 1876 1367 1932 respondebit
1400 1882 1648 1925 conventus,
1676 1877 1827 1918 Amen.
1890 1882 1934 1918 et
1975 1875 2010 1917 si
2032 1896 2072 1916 20

468 1943 688 1999 praedicta
710 1959 820 1993 vasa,
843 1949 892 1985 ut
921 1944 1194 2000 praedicitur,
1217 1944 1258 1985 in
1289 1944 1434 2000 aliqua
1459 1950 1581 2000 parte
1603 1959 1687 1985 non
1710 1944 1870 1986 fuerint
1891 1945 2010 2000 plen-

469 2013 556 2054 arie
578 2012 840 2063 continuata,
863 2013 1010 2054 licebit
1032 2013 1181 2055 abbati
1198 2013 1272 2069 qui
1289 2028 1364 2069 pro
1383 2019 1574 2069 ternpore
1597 2013 1726 2055 fuerit
1748 2029 2010 2055 reassumere

468 2082 709 2138 praedictas
734 2082 879 2123 decem
914 2098 1075 2124 marcas
1104 2082 1156 2124 de
1183 2082 1355 2124 Okham
1384 2098 1460 2139 pro
1482 2099 1649 2125 camera
1677 2099 1765 2133 sua,
1787 2098 2010 2139 quousque

469 2158 560 2202 etc.,
588 2168 672 2193 non
706 2152 906 2194 obstante
935 2152 1227 2194 satisfactione
1262 2154 1385 2202 facta,
1415 2159 1464 2194 ut
1495 2169 1624 2209 supra
1660 2154 1705 2195 in
1742 2154 1933 2203 Lalham,
1960 2159 2010 2194 ut

469 2227 591 2277 patet
612 2236 689 2277 per
709 2221 902 2262 chartam
924 2221 1133 2276 praedicti
1160 2222 1342 2272 abbatis,
1364 2222 1486 2277 cujus
1514 2223 1616 2264 data
1644 2229 1709 2264 est
1730 2223 1845 2278 apud
1869 2223 2008 2263 West-
2030 2243 2045 2263 2
2052 2243 2068 2272 5

471 2289 778 2331 monasterium
808 2304 919 2330 nono
948 2290 1017 2331 die
1047 2290 1152 2330 Maii
1181 2305 1292 2331 anno
1314 2290 1477 2331 domini
1500 2291 1726 2332 millesimo
1748 2290 2010 2340 ccclxxviii03

472 2365 521 2400 ut
537 2365 660 2415 patet
683 2359 727 2400 in
749 2359 871 2415 nigro
893 2360 1051 2415 papiro.

558 2427 704 2482 Hujus
735 2428 867 2469 etiam
899 2428 1068 2470 abbatis
1100 2435 1291 2484 tempore
1323 2429 1547 2471 aedificata
1578 2437 1670 2471 erat
1701 2431 1862 2486 capella
1893 2430 2011 2486 regia

469 2497 579 2538 infra
628 2497 839 2552 palatium
882 2497 1048 2554 regium
1091 2498 1477 2549 westmonasterii,
1518 2499 1629 2540 infra
1662 2499 2009 2555 jurisdictionem

469 2566 639 2608 abbatis
680 2566 913 2622 praedicti3
961 2567 1035 2622 qui
1077 2567 1260 2609 viriliter
1300 2568 1503 2610 resistens
1544 2568 1713 2624 injuriis
1754 2569 1836 2610 sibi
1877 2569 2010 2610 illatis
2030 2587 2070 2616 30

469 2636 685 2677 occasione
707 2636 830 2691 cujus
852 2636 896 2677 in
925 2636 1043 2678 curia
1072 2637 1266 2678 Romana
1287 2637 1454 2679 diutius
1475 2637 1723 2694 placitavit:
1755 2639 1929 2680 tandem
1955 2639 2010 2680 ad

470 2705 721 2747 instantiam
765 2706 876 2762 regis
913 2707 1116 2748 Richardi
1152 2708 1328 2749 secundi
1363 2713 1406 2749 et
1442 2708 1622 2749 aliorum
1659 2708 1929 2750 dominorum
1966 2716 2009 2751 et

469 2775 701 2816 amicorum
725 2792 774 2817 ex
799 2782 980 2832 utraque
1002 2783 1124 2832 parte
1153 2777 1549 2827 intervenientium,
1570 2778 1624 2819 ad
1646 2778 2009 2834 compositionem,

470 2844 783 2886 ordinationem
806 2852 850 2886 et
871 2846 1198 2888 conventionem
1216 2847 1373 2888 realem
1392 2853 1544 2888 mutuo
1561 2862 1769 2889 consensu
1791 2863 1839 2889 ac
1859 2849 2007 2890 volun-

471 2919 561 2954 tate
579 2920 814 2968 spontanea
831 2914 1117 2956 amicabiliter
1133 2915 1411 2965 devenerunt,
1427 2922 1475 2957 ut
1492 2922 1614 2971 patet
1636 2917 1680 2957 in
1702 2917 2008 2972 compositione
2029 2932 2068 2963 35

469 2981 568 3022 inde
591 2983 712 3024 facta.

557 3051 677 3091 Idem
701 3058 847 3093 autem
871 3052 914 3093 in
938 3067 1092 3108 magno
1120 3053 1415 3109 parliamento,
1439 3060 1560 3095 tento
1582 3054 1875 3096 Gloucestriae
1897 3069 2008 3095 anno

469 3120 655 3161 secundo
677 3120 788 3176 regis
811 3120 1013 3162 Richardi
1035 3122 1222 3171 secundi,
1245 3122 1406 3178 optime
1429 3138 1472 3164 se
1491 3122 1644 3164 habuit
1665 3137 1740 3178 pro
1762 3123 2007 3164 defensione

544 3218 584 3248 18
607 3217 714 3248 vicem
730 3218 803 3249 eius
819 3219 869 3250 vel
887 3219 1029 3251 missam
1048 3219 1105 3260 Sp.
1311 3222 1351 3254 27
1376 3221 1474 3261 nigro
1490 3220 1625 3261 papiro]
1641 3220 1738 3261 nigro
1755 3221 1842 3252 libro
1859 3221 1900 3252 de
1917 3231 2006 3252 novo

472 3270 627 3301 confecto
644 3270 686 3301 ad
703 3273 818 3302 custus
836 3271 966 3303 Thome
983 3271 1122 3304 Clifford
1137 3272 1298 3304 monachi
1315 3272 1367 3305 W.
