2385 3891
643 425 830 489 Philip
868 425 1182 484 Leweslisme,
1222 424 1465 473 Rielaarcc
1510 423 1660 473 Ware
1830 428 1920 473 113

384 550 707 599 intromitteret,
729 550 803 591 sed
826 550 938 606 ipsos
959 550 1011 591 de
1034 550 1194 592 eisdem
1225 550 1357 591 libere
1383 549 1608 605 disponere
1636 548 1922 605 permitteret,

384 619 495 661 sicut
509 619 627 675 prius
642 620 776 661 facere
790 626 1112 661 consueverunt.
1150 619 1230 660 sub
1244 619 1345 660 data
1359 618 1473 675 apud
1490 617 1920 660 Westmonasterium

385 687 503 728 xxiv⁰
524 687 592 729 die
614 687 734 730 Julii.

99 771 213 812 Philip
471 757 536 798 De
560 757 758 814 Philippo
780 758 1016 799 Levesham
1040 758 1207 799 abbate.

98 815 327 899 {igmzffffffig
472 826 696 883 Philippus
730 827 978 875 Levesham,
1019 826 1133 882 prior
1176 826 1559 876 westmonasterii,
1600 831 1697 882 post
1738 831 1919 867 mortem
1941 845 1957 874 5

101 901 222 944 (1258).
384 895 590 950 praedicti
635 895 805 937 Ricardi
846 895 1016 937 abbatis
1057 910 1201 936 mense
1244 895 1433 951 Augusti
1476 895 1520 936 in
1560 895 1763 936 abbatem
1804 893 1920 935 illius

384 963 462 1005 loci
509 964 687 1006 fratrum
734 964 950 1006 communi
997 979 1170 1005 assensu
1218 965 1379 1006 electus
1423 971 1487 1006 est
1503 980 1512 1016 3
1554 964 1919 1019 transfretansque

382 1033 653 1088 postmodum
691 1034 743 1075 ad
781 1034 942 1075 curiam
980 1033 1215 1074 Romanam
1254 1049 1329 1090 pro
1365 1034 1687 1076 confirmatione
1729 1048 1806 1074 sua
1846 1033 1917 1074 ob-

383 1102 570 1152 tinenda,
593 1103 751 1144 ibidem
775 1103 887 1144 diem
911 1102 1066 1144 clausit
1094 1108 1336 1144 extremum
1362 1118 1474 1143 anno
1499 1103 1661 1144 domini
1692 1102 1918 1144 millesimo

95 1175 272 1217 †1259[?].
381 1172 517 1220 cclix⁰‚
539 1179 582 1214 et
605 1173 725 1229 regni
747 1173 858 1229 regis
882 1172 1057 1214 Henrici
1084 1172 1202 1214 tertii
1225 1172 1346 1215 xliii0.
1409 1180 1452 1214 et
1474 1172 1534 1214 sic
1555 1172 1722 1214 vacavit
1744 1171 1919 1213 abbatia
1943 1193 1979 1215 10

383 1241 753 1284 westmonasterii
790 1258 814 1283 a
851 1242 955 1283 xvii⁰
992 1242 1060 1283 die
1098 1242 1255 1284 mensis
1291 1242 1412 1291 Julii,
1449 1257 1532 1298 quo
1568 1242 1637 1283 die
1673 1241 1919 1298 praedictus

381 1311 588 1353 Ricardus
610 1312 662 1353 de
685 1312 939 1367 Crokesleye
963 1312 1082 1361 obiit,
1106 1318 1154 1353 ut
1172 1327 1310 1368 supra,
1328 1327 1463 1368 usque
1480 1312 1534 1353 ad
1551 1311 1917 1353 confirmationem

382 1380 552 1422 Ricardi
574 1381 626 1422 de
650 1381 788 1430 Ware,
810 1381 1010 1422 videlicet
1031 1396 1107 1436 per
1127 1381 1233 1422 duos
1254 1397 1388 1423 annos
1409 1388 1453 1423 et
1475 1381 1671 1437 amplius.

94 1464 243 1497 Richard
467 1450 532 1490 De
556 1449 736 1490 Ricardo
758 1449 809 1490 de
836 1450 960 1490 Ware
983 1449 1139 1490 abbate
1162 1449 1547 1492 Westmonasterii.

95 1507 196 1540 Ware
467 1517 705 1559 Richardus
727 1518 778 1559 de
810 1518 935 1559 Ware
964 1524 1059 1574 post
1091 1526 1271 1560 mortem
1297 1519 1506 1574 praedicti
1536 1518 1725 1574 Philippi
1756 1519 1917 1560 electus
1941 1540 1976 1570 15

379 1592 445 1628 est
466 1587 510 1628 in
532 1587 730 1629 abbatem
758 1587 1130 1629 Westmonasterii
1152 1603 1228 1644 per
1244 1588 1357 1629 viam
1375 1587 1667 1644 compromissi
1675 1602 1684 1638 3
1715 1588 1916 1629 transfre-

379 1661 560 1712 tansque
583 1656 636 1698 ad
658 1657 819 1698 curiam
843 1657 1081 1698 Romanam
1105 1658 1471 1699 confirmationem
1494 1673 1615 1699 suam
1637 1673 1767 1713 quam
1789 1657 1917 1699 citius

93 1735 210 1776 brings
227 1736 330 1768 home
377 1724 640 1780 impetravit,
678 1731 722 1765 et
762 1724 821 1765 sic
861 1740 885 1765 a
921 1740 1033 1780 papa
1074 1725 1172 1767 inde
1214 1725 1399 1767 recessit.
1460 1725 1733 1781 repatriando
1770 1731 1915 1767 tamen

93 1779 327 1855 Kssssffiffine:
377 1793 559 1835 adduxit
590 1801 845 1835 mercatores
876 1800 920 1835 et
951 1795 1176 1850 operarios,
1207 1795 1413 1837 ducentes
1444 1810 1587 1836 secum
1624 1794 1786 1851 lapides
1822 1795 1916 1837 illos

377 1864 700 1920 porphyriticos,
725 1864 928 1921 jaspides,
958 1871 1002 1907 et
1030 1881 1240 1907 marmora
1271 1866 1324 1907 de
1353 1866 1504 1916 Thaso,
1535 1880 1641 1921 quos
1669 1865 1915 1921 sumptibus
1936 1886 1977 1907 20

93 1944 169 1976 who
186 1945 286 1977 made
377 1934 464 1975 suis
504 1934 686 1990 propriis
727 1939 889 1975 emerat
925 1933 1098 1976 ibidem,
1160 1949 1211 1976 ex
1247 1934 1404 1990 quibus
1440 1934 1520 1991 ipsi
1558 1934 1738 1990 operarii
1775 1949 1915 1975 coram

91 1987 283 2072 sslgssglffifft,
378 2018 533 2060 magno
554 2003 680 2045 altari
700 2003 1073 2044 Westmonasterii
1096 2003 1278 2044 mirandi
1308 2003 1447 2059 operis
1475 2004 1668 2045 fecerunt
1696 2003 1914 2059 pavimen-

377 2079 488 2115 tum:
520 2073 564 2114 in
596 2074 719 2129 cujus
751 2073 884 2114 latere
915 2073 1074 2114 boreali
1105 2073 1219 2115 dicto
1248 2073 1396 2114 abbati
1428 2073 1508 2114 sub
1539 2087 1664 2129 opere
1696 2072 1914 2128 praedicto

373 2143 719 2185 decentissimam
741 2150 1073 2199 composuerunt
1094 2143 1186 2200 ipso
1207 2143 1497 2199 praecipiente
1519 2143 1797 2199 sepulturam.

462 2214 621 2254 Versus
643 2213 687 2254 in
709 2213 928 2269 praedicto
949 2213 1197 2269 pavimento
1219 2213 1484 2255 circulariter
1505 2213 1676 2269 scripti:
1935 2235 1972 2265 25

491 2299 538 2341 Si
570 2300 701 2341 lector
731 2299 871 2356 posita
902 2300 1137 2356 prudenter
1167 2306 1323 2342 cuncta
1353 2300 1556 2349 revolvat,

548 2368 616 2410 hic
646 2369 776 2410 finem
808 2369 936 2425 primi
969 2369 1138 2411 mobilis
1170 2369 1374 2411 inveniet.

489 2454 610 2494 sepes
641 2438 795 2489 trima3
826 2454 951 2480 canes
983 2444 1026 2480 et
1058 2454 1188 2494 equos
1219 2438 1498 2493 hominesque
1530 2437 1753 2486 subaddas,

489 2522 633 2549 cervos
665 2514 709 2549 et
740 2523 896 2557 corvos,
927 2508 1104 2563 aquilas,
1135 2508 1342 2549 immania
1372 2514 1504 2556 cetae,

490 2576 723 2617 mundum:
756 2576 955 2631 quodque
987 2591 1170 2632 sequens
1201 2575 1424 2632 preeuntis
1456 2575 1647 2630 triplicat
1678 2590 1823 2616 annos.
1932 2594 1973 2624 30

491 2678 723 2735 Sphericus
751 2679 1025 2735 architypum
1053 2680 1206 2735 globus
1236 2680 1303 2721 hic
1334 2684 1545 2720 monstrat
1567 2692 1911 2719 macrocosmum.

90 2798 155 2820 Aa).
178 2789 273 2821 1268.
490 2780 653 2824 Christi
685 2781 859 2823 milleno
890 2781 956 2823 bis
987 2788 1169 2824 centeno
1200 2781 1396 2823 duodeno

487 2865 583 2891 cum
616 2865 838 2906 sexageno,
870 2850 1093 2892 subductis
1124 2857 1319 2906 quatuor,
1350 2865 1473 2900 anno,

487 2918 642 2960 tertius
674 2919 888 2962 Henricus
919 2935 1004 2969 reX‚
1035 2920 1149 2970 urbs,
1181 2919 1388 2962 Odoricus
1420 2925 1464 2961 et
1500 2919 1632 2960 abbas

544 2988 619 3029 hos
650 3003 900 3045 compegere
931 2989 1192 3045 porphyreos
1223 2989 1397 3045 lapides.
1931 3003 1968 3033 35

437 3115 478 3145 28
503 3113 621 3154 trima]
644 3114 737 3145 trina
761 3114 803 3145 W
829 3114 886 3155 Sp.
913 3115 987 3156 (but
1011 3115 1055 3146 cf.
1081 3115 1143 3147 MS
1167 3115 1299 3147 Arund.
1325 3116 1367 3147 30
1394 3115 1431 3146 in
1460 3114 1620 3147 Heralds’
1646 3114 1792 3155 College,
1822 3114 1910 3146 cited

371 3165 415 3206 by
431 3165 584 3206 Lethaby
603 3167 732 3198 Westm.
750 3168 860 3208 Abbey
877 3168 946 3198 and
964 3169 1017 3199 the
1033 3168 1154 3207 Kiny’s
1174 3168 1371 3208 erftsmen,
1392 3178 1424 3209 p.
1446 3167 1535 3209 311).
1795 3177 1909 3207 super-

372 3216 480 3249 addas
498 3217 555 3258 Sp.
668 3219 708 3249 33
733 3220 841 3259 anno]
858 3228 928 3250 uno
945 3218 999 3250 W.
1109 3220 1151 3251 34
1175 3219 1269 3251 urbis
1286 3219 1339 3251 W.
1444 3219 1485 3250 35
1509 3217 1655 3259 lapides]
1673 3220 1715 3249 At
1734 3219 1799 3249 this
1811 3220 1909 3259 point

373 3270 512 3310 Sporley
530 3269 613 3300 adds
636 3270 689 3301 the
707 3270 883 3310 followiny
900 3272 1155 3312 explanations:
1181 3271 1382 3304 Intellectus
1404 3273 1566 3311 quattuor
1583 3280 1745 3302 versuum
1766 3270 1908 3310 predict-

468 3351 501 3375 Β.
522 3350 553 3374 F.
1794 3344 1814 3375 8
